2970 5016
457 495 597 544 ruerus
619 495 890 544 nrsroumauu.
1078 481 1142 545 331

290 723 334 788 Ut
347 744 401 787 ree
413 723 570 787 Jolanne
584 722 725 805 Roffeuse
739 731 875 787 corinun
892 721 1049 787 obsederit.

244 846 413 929 Cumque,
440 854 480 910 ut
502 847 633 911 dictum
658 853 724 923 est,
746 845 944 909 Willelmus
972 845 1015 909 de
1038 845 1145 910 Albe·
1157 869 1281 912 tonsu.

192 947 270 1009 neio
287 954 323 1009 et
339 939 441 1010 ¹socii
459 946 661 1028 proedietum
681 953 834 1010 castrum
852 945 998 1008 fuissent
1013 946 1144 1026 ingres·
1157 921 1274 1011 iih‘ihin

192 1047 234 1122 si,
257 1065 320 1108 rex
337 1044 533 1126 Anglorum
549 1043 573 1107 J
576 1044 742 1120 ohannes,
759 1053 839 1126 post
856 1045 960 1108 trium
975 1046 1144 1108 mensium
1157 1021 1230 1061 ⁰⁸²¹*

193 1163 338 1221 moram,
347 1163 391 1208 ex
403 1144 517 1208 Vecta
530 1161 756 1225 prorumpens
770 1137 956 1207 insula²od
969 1142 1144 1206 Doveram

193 1261 304 1324 usque
325 1242 518 1324 navigavit,
544 1242 602 1304 ubi
621 1241 696 1324 ejus
714 1242 838 1319 nuntii,
854 1260 942 1322 quos
960 1241 1004 1304 ad
1027 1250 1144 1323 partes

194 1342 336 1404 miserat
354 1339 614 1416 transmarinas,
629 1340 673 1402 ad
696 1359 775 1402 eum
790 1341 968 1403 venientes
991 1340 1144 1403 condux·

194 1446 295 1502 erunt
311 1459 429 1502 secum
447 1458 491 1501 ex
509 1439 666 1520 partibus
683 1437 829 1501 diversis
847 1444 980 1501 tantam
998 1438 1145 1501 militum

195 1545 229 1601 et
249 1546 460 1602 armatorum
486 1535 755 1613 multitudinem,
783 1536 876 1619 quod
901 1537 1059 1599 omnibus
1085 1557 1144 1601 eos

195 1636 407 1700 intuentibus
424 1637 581 1699 timorem
600 1636 731 1717 pariter
748 1642 783 1698 et
799 1634 973 1698 horrorem
991 1635 1145 1699 incusse-

195 1742 287 1798 runt.
341 1735 523 1799 Veuemnt
541 1754 587 1797 ex
609 1733 766 1816 partibus
793 1732 962 1797 Pictaviae
986 1742 1022 1797 et
1040 1733 1145 1797 Was·

194 1833 304 1897 eoniae
335 1834 402 1898 viri
436 1833 568 1897 nobiles
597 1839 632 1896 et
661 1833 859 1908 bellatores,
891 1832 1076 1896 Savaricus
1103 1833 1145 1896 de

196 1931 421 2009 Maloleone,
447 1931 640 1995 Gaufridus
658 1940 693 1994 et
713 1931 887 1995 Oliverius
907 1930 951 1994 do
969 1931 1146 1994 Butevilla

194 2031 332 2106 fratres,
363 2030 526 2094 maximis
560 2028 708 2093 militum
736 2038 771 2092 et
793 2037 1004 2093 armatorum
1036 2029 1146 2111 copiis

194 2129 363 2206 comitati,
386 2136 421 2192 et
445 2128 545 2192 fidele
569 2129 644 2209 regi
669 2129 871 2209 obsequium
894 2128 1145 2210 promiserunt;

195 2235 365 2291 venerunt
387 2229 493 2292 etiam
515 2247 560 2290 ex
584 2227 783 2308 regionibus
809 2226 975 2290 Lovaniae
998 2236 1034 2290 et
1057 2227 1145 2290 Bra-

196 2326 391 2389 bantiorum
430 2327 496 2390 viri
537 2326 777 2402 strenuissimi,
808 2325 987 2390 Walterus
1033 2325 1146 2403 Buck,

197 2423 375 2487 Gerardus
393 2425 437 2488 de
462 2423 624 2489 Soeeinni
649 2432 685 2487 st
702 2424 968 2499 Godesehallus,
990 2442 1068 2486 curn
1084 2425 1145 2488 tri-

195 2523 261 2586 bus
284 2529 494 2589 armatorum
519 2530 556 2588 et
577 2523 832 2587 balistariorum
856 2522 1062 2603 legionibus,
1085 2523 1145 2603 qui

196 2622 282 2685 nihil
297 2621 532 2705 potiusquam
547 2621 735 2685 humanum
750 2621 954 2701 sanguinem
966 2620 1146 2700 sitiebant3

197 2720 413 2784 advenerunt
437 2728 606 2804 praeterea
637 2721 680 2783 ad
713 2720 843 2784 dietum
877 2738 993 2800 regem
1019 2719 1062 2782 de
1091 2738 1145 2782 re·

196 2821 299 2899 gione
323 2819 587 2883 Flaudrensium
607 2826 643 2882 et
662 2819 808 2882 aliarum
834 2818 1013 2900 regionum
1032 2823 1146 2881 trans-

197 2919 406 2981 marinarum
426 2937 545 2982 omues
568 2919 628 3000 qui
651 2918 764 2981 aliena
786 2918 1000 2998 aspirabant,
1023 2923 1059 2979 et
1074 2916 1148 2997 regi

197 3015 380 3097 desperato
415 3036 512 3099 spem
550 3016 732 3080 resistendi
768 3017 957 3080 maximam
994 3016 1149 3097 praehue-

198 3122 289 3178 runt.
343 3116 424 3179 Rex
451 3115 599 3196 denique
624 3114 816 3192 Johaunes,
839 3134 916 3180 cum
934 3114 1149 3178 Willelmum'

198 3212 241 3276 de
260 3212 430 3277 Albeneio
450 3222 485 3278 et
503 3214 579 3297 ejus
600 3214 713 3277 socios
738 3212 902 3277 Roffense
924 3214 1149 3296 municipium

198 3312 373 3392 ingressos
393 3313 594 3394 accepisset,
610 3332 689 3376 cum
711 3311 804 3375 omni
822 3311 1042 3375 multitudine
1059 3331 1147 3392 prue-

122 3478 124 3483 ι
198 3410 292 3473 (licta
306 3410 389 3474 illuc
405 3412 502 3475 ocius
521 3411 674 3487 advolat,
691 3417 738 3486 et,
755 3405 829 3473 ⁸die
844 3410 947 3474 tertio
964 3418 1149 3491 postquam

198 3517 349 3571 castrum
373 3510 521 3590 ingressi
546 3517 640 3585 sunt,
662 3509 812 3572 obsessis
831 3507 981 3572 exeundi
1000 3508 1147 3570 faculta-

233 3685 338 3751 ¹Socii.]
345 3689 660 3751 Regiuolddecomhulle,
685 3689 744 3751 help
763 3689 844 3752 might
854 3689 929 3739 resch
940 3689 982 3738 the
994 3689 1073 3738 eastle
1084 3689 1148 3738 from

197 3757 350 3806 Williemde
360 3757 505 3820 Amesiord,
516 3763 580 3819 οἵας
592 3758 661 3820 Cog-
687 3758 804 3820 bondou3
828 3761 873 3808 but
888 3774 943 3807 was
960 3759 1048 3807 driven
1064 3758 1102 3807 off
1114 3759 1148 3819 hy

196 3826 309 3889 gerhale,
319 3841 346 3887 p.
359 3831 416 3877 109.
686 3827 781 3876 Robert
809 3828 983 3888 Fur-Walter,
1011 3829 1149 3888 ‘pluribus

232 3893 291 3943 ’Aa
303 3896 424 3945 murum
431 3911 504 3959 usque
512 3896 661 3959 navigavit]
686 3911 718 3945 ex
728 3902 800 3958 purte
810 3899 878 3960 regis
889 3898 1033 3957 submersis,
1043 3896 1084 3945 vel
1092 3897 1149 3945 vul·

199 3965 242 4013 He
254 3979 364 4025 appears
375 3971 401 4014 to
413 3966 477 4015 have
489 3965 598 4015 reached
608 3966 663 4015 Do·
687 3968 790 4027 noratis,
796 3967 836 4016 vel
846 3961 955 4017 occisis?
990 3967 1032 4015 On
1040 3966 1082 4014 the
1092 3971 1149 4026 port

199 4049 243 4083 rer
254 4048 286 4081 ou
295 4034 338 4083 the
349 4036 404 4084 first
414 4034 443 4083 oi
451 4034 493 4082 the
505 4035 662 4096 month5see
687 4035 716 4083 oi
726 4036 769 4085 the
785 4037 876 4085 herous
886 4050 953 4085 were
970 4035 1047 4084 taken
1059 4036 1149 4084 Oliver

200 4104 258 4152 Pul.
272 4104 353 4165 uuus,
363 4119 390 4166 p.
404 4108 461 4164 lut,
472 4103 520 4154 ool.
534 4109 558 4153 1.
687 4104 845 4166 d'Argeutsn
868 4106 918 4154 and
935 4105 1021 4153 David
1039 4103 1150 4164 uiuam,

237 4170 302 4221 ’Die
313 4171 408 4233 tertia]
430 4173 472 4222 He
484 4174 537 4223 first
547 4177 664 4234 attempt·
688 4172 730 4221 the
747 4173 839 4223 former
854 4175 883 4224 oi
895 4175 988 4236 whom,
1004 4173 1069 4223 after
1079 4174 1150 4222 three

198 4241 230 4289 ed
251 4247 276 4290 to
299 4243 363 4292 burn
382 4242 424 4291 the
444 4242 542 4305 bridge,
558 4242 614 4292 thet
632 4257 663 4290 no
688 4237 762 4303 dsys'
775 4242 877 4307 sumine,
888 4244 1001 4304 hylesve
1013 4243 1042 4292 oi
1050 4243 1091 4292 the
1104 4243 1150 4292 ha·
