2970 5016
453 494 592 543 sunaus
616 476 1143 545 cenomannum

191 653 279 717 sisse
310 654 387 717 Deo
415 660 451 716 et
477 652 543 716 bac
570 655 735 734 praesenti
765 654 887 719 charta
915 660 1033 718 nostra
1060 671 1142 716 con·
1152 663 1209 703 AD·
1219 663 1276 702 ¹2¹⁵·

191 753 359 829 firmasse,
383 773 446 834 pro
468 753 566 818 nobis
588 761 624 816 et
644 752 838 818 haeredibus
858 754 1015 819 nostris
1005 773 1041 816 m
1064 771 1143 835 per-
1128 714 1239 803 -ῦῦιῃεῖ
1301 796 1303 800 »

192 860 347 935 potuum,
370 852 462 934 qnod
488 851 687 933 Anglicana
714 853 859 917 ecclesia
888 852 997 917 libera
1024 853 1083 926 sit,
1106 858 1142 914 et

193 950 352 1016 babeat
336 971 419 1035 Jura
441 970 505 1014 sna
529 952 678 1033 integra,
699 971 781 1016 suas
804 958 839 1016 et
854 951 1030 1016 libertates
1056 950 1143 1013 illae-

194 1070 264 1127 sas,
291 1059 326 1115 et
348 1052 399 1115 ita
420 1051 579 1115 volumus
602 1051 791 1127 observari,
812 1051 904 1133 quod
930 1057 1075 1133 apparet
1097 1070 1141 1113 ex

193 1170 248 1226 eo,
266 1149 359 1232 quod
381 1149 574 1214 libertatem
600 1149 817 1224 electionum,
837 1170 915 1232 quae
934 1149 1088 1212 maxima
1107 1157 1142 1213 et

194 1250 305 1329 magis
329 1250 524 1313 necessaria
546 1255 727 1330 reputatur
748 1250 903 1313 ecclesiae
925 1248 1143 1329 Anglicanae,

196 1367 291 1412 mera
324 1356 360 1413 et
384 1357 580 1430 spontanea
605 1348 798 1426 voluntate,
826 1356 907 1412 ante
935 1348 1142 1411 discordiam

193 1448 368 1512 internos
399 1455 435 1512 et
458 1449 604 1511 barones
631 1455 767 1512 nostros
793 1446 974 1512 manifeste
1002 1455 1144 1522 motam,

195 1547 427 1611 concessimus
467 1555 504 1611 et
540 1546 661 1611 charta
699 1554 819 1612 nostra
854 1547 1144 1621 confirmavimus,

196 1653 232 1710 et
253 1666 329 1710 eam
361 1647 573 1711 obtinuimus
600 1665 621 1710 a
647 1645 785 1711 domino
815 1665 908 1729 papa
940 1645 1145 1709 Innocentio

197 1746 299 1809 tertio
320 1746 527 1822 confirmari,
554 1765 658 1828 qnam
685 1753 720 1809 et
742 1765 805 1810 nos
828 1746 1087 1809 observabimus
1110 1752 1145 1808 et

198 1846 242 1908 ab
273 1845 467 1909 baeredibns
496 1846 624 1909 nostris
652 1844 689 1908 in
721 1853 925 1928 perpetuum
956 1847 1047 1908 bona
1079 1843 1145 1907 fide

198 1944 357 2008 volumus
388 1946 576 2010 observari.
629 1945 872 2009 Concessimns
902 1944 1006 2008 etiam
1036 1943 1146 2006 omni-

199 2045 264 2107 bus
287 2043 403 2108 liberis
425 2044 618 2109 bominibus
640 2046 768 2108 nostris
794 2043 893 2126 regui
912 2041 1062 2125 Angliee,
1084 2062 1146 2124 pro

199 2143 297 2207 nobis
316 2151 352 2207 et
371 2142 566 2207 haeredibus
587 2144 714 2208 nostris
733 2143 769 2206 in
791 2152 1008 2226 perpetuum,
1028 2160 1147 2207 omues

200 2242 377 2307 libertates
401 2243 628 2325 subscriptas,
654 2243 828 2306 habendas
853 2251 889 2307 et
910 2242 1077 2308 tenendas
1097 2242 1147 2305 eis

199 2349 235 2405 et
250 2341 444 2406 baeredibns
468 2344 541 2406 suis
561 2342 604 2406 de
624 2343 722 2407 nobis
743 2350 778 2406 et
793 2343 986 2406 haeredibus
1006 2342 1145 2405 nostris.

199 2440 237 2504 si
263 2440 342 2523 quis
369 2442 533 2505 comitum
560 2441 616 2506 vel
642 2443 810 2505 baronum
837 2449 1046 2515 nostrorum,
1072 2441 1147 2504 sive

199 2538 345 2604 aliorum
363 2542 552 2605 tenentium
577 2541 620 2604 de
642 2541 742 2605 nobis
763 2541 799 2604 in
823 2540 937 2622 capite
956 2559 1018 2621 per
1039 2539 1144 2603 servi-

200 2639 284 2703 tium
303 2640 462 2716 militare,
481 2646 636 2704 mortuus
653 2640 769 2715 suerit,
786 2646 833 2715 et,
850 2658 928 2702 cnm
948 2638 1146 2713 decesserit,

199 2738 310 2802 baeres
337 2758 421 2801 suus
446 2740 557 2821 plenae
586 2741 700 2804 aetatis
727 2737 830 2802 inerit
848 2745 884 2802 et
901 2738 1066 2802 relevium
1088 2736 1147 2800 de-

200 2838 293 2914 beat,
324 2837 452 2902 babeat
475 2838 710 2903 haereditatem
744 2857 842 2902 snam
874 2858 937 2920 per
968 2837 1147 2918 antiquum

201 2937 390 3016 relevium;
426 2924 570 3014 scilicet,
603 2937 713 3001 baeres
738 2939 795 3001 vel
827 2937 982 3001 baeredes
1012 2935 1148 3000 comitis

201 3037 243 3100 de
274 3037 419 3100 baronia
447 3038 583 3101 comitis
613 3038 749 3119 integra
777 3057 840 3120 per
865 3044 1002 3101 centum
1030 3035 1147 3111 libras,

202 3136 311 3198 baeres
339 3136 395 3200 vel
423 3136 576 3200 haeredes
606 3138 745 3201 baronis
774 3137 817 3200 de
842 3137 986 3201 baronia
1012 3137 1149 3216 integra

202 3242 340 3299 centum
368 3254 515 3312 marcas,
543 3235 653 3301 baeres
682 3236 738 3299 vel
769 3234 922 3300 haeredes
956 3236 1075 3299 militis
1106 3237 1149 3300 de

202 3332 301 3397 feodo
335 3334 454 3399 militis
490 3336 627 3417 integro
660 3354 723 3416 per
762 3342 900 3398 centnm
941 3334 1070 3398 solidos
1103 3334 1148 3396 ad

202 3433 293 3514 plus,
326 3440 372 3510 et,
403 3436 463 3516 qui
494 3434 607 3498 minus
641 3434 809 3510 debuerit,
841 3434 954 3496 minus
991 3433 1061 3508 det,
1095 3450 1150 3495 se·

203 3533 352 3596 cundum
373 3534 553 3615 antiquam
571 3533 852 3597 consuetudinem
871 3531 1061 3596 feodorum.
1112 3530 1150 3594 st

203 3639 319 3694 eutem
352 3632 499 3716 alicujus
532 3632 641 3697 baeres
664 3632 786 3696 talium
816 3632 920 3696 suerit
944 3626 1034 3694 infra
1064 3636 1151 3694 aeta·

204 3737 284 3806 tem,
300 3730 459 3795 dominus
471 3732 546 3815 ejus
564 3752 633 3806 non
651 3731 778 3795 babeat
791 3729 982 3794 custodiam
995 3730 1070 3813 ejus
1089 3748 1151 3793 nec

203 3837 304 3893 terrae
326 3849 400 3894 suae
422 3839 609 3913 antequam
630 3831 827 3912 homagium
847 3829 924 3914 ejus
945 3830 1086 3912 ceperit,
1105 3837 1153 3904 et,

203 3936 388 4011 postquam
412 3931 492 3994 telis
521 3930 632 3994 baeres
663 3930 767 3995 fuerit
794 3931 829 3993 in
862 3928 1021 3993 custodia
1048 3927 1152 3992 etad

204 4034 344 4092 aetatem
366 4031 562 4111 pervenerit
584 4029 716 4093 scilicet
736 4029 861 4110 viginti
883 4029 1036 4093 etunius
1059 4027 1154 4103 anni,

203 4125 329 4192 babeat
363 4129 598 4194 haereditatem
633 4148 732 4192 suam
760 4129 836 4191 sine
865 4128 993 4191 relevio
1020 4133 1056 4190 et
1080 4127 1155 4191 sine

203 4226 291 4307 fine;
318 4228 369 4292 ita
385 4235 501 4293 tamen
523 4227 616 4312 quod
640 4229 670 4292 si
688 4227 775 4311 ipse,
799 4228 881 4292 dum
899 4225 990 4290 infra
1014 4234 1152 4291 aetatem
