2970 5016
455 495 594 543 snonns
618 495 886 545 nrsronrnnuu.
1081 477 1147 543 289

191 650 374 733 sauguinis
391 651 533 717 violare.
586 652 725 717 Placuit
739 653 920 716 consilinm
944 652 1144 735 imperatori
1157 666 1281 756 ssfflffi‘

193 748 366 826 Romano,
382 752 442 833 qui
455 759 657 816 constanter
671 751 867 829 affirmavit,
879 752 961 816 talis
974 752 1041 815 diei
1063 771 1142 816 con·
1155 766 1256 807 Bovius·-

192 848 289 913 flictu
311 869 350 913 se
372 869 548 932 nunquam
565 850 684 914 laetum
707 859 902 934 reportasse
921 851 1141 933 triumphum.

194 947 264 1011 His
291 949 411 1031 itaque
440 950 581 1026 auditis,
611 949 720 1031 Hugo
748 951 791 1015 de
814 950 942 1027 Boves,
965 952 1001 1014 in
1023 969 1142 1014 vocem

191 1047 416 1130 blasphemiae
447 1068 685 1132 prorumpens,
717 1048 950 1131 Reginaldum
983 1051 1143 1113 comitem

194 1147 404 1228 proditorem
419 1149 664 1229 nequissimum
688 1149 888 1231 appellavit,
905 1150 1142 1231 improperans

195 1246 227 1308 ei
241 1253 352 1310 terras
368 1255 405 1311 et
420 1248 655 1331 possessiones
670 1249 798 1328 largas,
816 1267 904 1331 quas
922 1268 967 1311 ex
983 1248 1075 1311 douo
1091 1268 1144 1312 re·

195 1345 249 1426 gis
260 1344 456 1427 Anglorum
475 1354 697 1429 perceperat3
719 1347 885 1430 adjiciens
902 1348 1020 1424 etiam,
1037 1348 1142 1429 quod,

193 1446 224 1507 si
241 1444 296 1507 die
312 1445 373 1509 illo
391 1445 519 1509 bellum
533 1445 722 1523 differatur,
738 1447 776 1509 iu
793 1447 954 1510 damnum
971 1448 1142 1529 irrepara-

193 1543 262 1606 bile
279 1545 370 1625 regis
381 1545 405 1609 J
407 1544 552 1608 ohannis
568 1545 785 1622 redundabit,
801 1547 919 1609 nocuit
932 1545 1022 1608 enim
1038 1552 1142 1610 ‘som-

193 1662 256 1726 per
268 1643 403 1707 differre
420 1644 573 1726 paratis!
604 1644 729 1708 Comes
743 1664 825 1708 vero
835 1645 1050 1726 Reginaldus
1062 1644 1142 1708 Hu-

194 1743 276 1823 goni
300 1744 511 1826 respondeus
538 1744 629 1808 dixit
654 1764 732 1808 cum
759 1743 1009 1826 indignatione,
1028 1739 1142 1809 ¹‘Ho·

193 1841 314 1905 diemo
340 1843 413 1906 dies
438 1863 491 1906 me
521 1863 596 1907 esse
624 1843 769 1918 fidelem,
798 1852 834 1906 et
860 1852 894 1907 te
920 1843 1141 1925 proditorem,

195 1943 452 2023 comprobabit3
483 1962 549 2024 ego
571 1943 663 2006 enim
685 1943 749 2006 hac
768 1942 951 2006 Dominica
965 1943 1021 2006 die
1040 1944 1141 2008 stabo

194 2060 258 2123 pro
273 2061 354 2122 rege
371 2042 406 2104 in
429 2043 561 2124 praelio,
584 2043 614 2105 si
636 2043 823 2107 necessitas
845 2043 1009 2123 coegerit,
1032 2061 1141 2125 usque

194 2139 239 2202 ad
261 2150 418 2216 mortem,
436 2150 471 2205 et
495 2148 546 2218 tu,
571 2161 667 2206 more
691 2143 808 2219 solito,
830 2141 996 2205 hodierna
1018 2141 1075 2205 die
1099 2142 1141 2205 de

194 2239 315 2319 praelio
331 2238 494 2321 fugiendo
515 2247 549 2304 te
565 2260 641 2304 esse
658 2242 867 2323 proditorem
882 2242 1141 2323 nequissimum,

193 2339 327 2403 cunctis
337 2340 565 2413 adstantibus,
577 2339 792 2405 declarabis!
828 2341 897 2403 His
908 2341 1056 2422 denique
1067 2360 1144 2404 ver-

194 2438 260 2514 bis,
283 2437 504 2520 blasphemiae
524 2438 607 2502 dicti
626 2440 789 2521 Hugonis
809 2439 1055 2514 consimilibus,
1069 2458 1142 2501 om-

194 2537 249 2600 nis
272 2538 457 2602 multitudo
479 2539 523 2601 ad
551 2547 743 2622 campestre
764 2537 921 2620 praelium
944 2538 1144 2601 exacerbati

195 2636 298 2699 simul
328 2644 364 2701 et
390 2639 570 2721 provocati
600 2638 644 2701 ad
671 2657 767 2701 arma
798 2636 982 2718 prosiliunt
1010 2644 1045 2699 et
1067 2654 1143 2699 sese

196 2754 314 2799 omnes
337 2737 381 2799 ad
403 2756 556 2820 pugnam
572 2736 717 2801 viriliter
739 2736 936 2817 accingunt.
990 2732 1144 2798 Armatis

197 2843 311 2898 autem
335 2836 480 2911 cunctis,
506 2843 577 2899 tres
601 2837 693 2899 acies
719 2836 919 2917 disponunt,
944 2834 1143 2915 inquorum

196 2935 308 3015 prima
334 2937 493 2999 comitem
526 2935 699 2998 Flaudriae
731 2935 955 3010 Ferrandum,
984 2933 1143 2996 comitem

197 3033 365 3098 Bononiae
390 3033 634 3114 Reginaldum,
668 3043 703 3099 et
725 3035 883 3098 comitem
913 3033 1144 3097 saresbirien-

197 3152 268 3196 sem
281 3132 506 3210 Willelmum,
524 3135 724 3214 capitaneos
745 3133 993 3216 praesecerunt3
1016 3133 1052 3194 in
1070 3134 1144 3196 acie

196 3251 333 3313 quoque
360 3231 512 3296 secunda
528 3233 754 3308 Willelmum,
781 3232 981 3296 Hollandiae
1010 3231 1144 3308 ducem,

197 3339 232 3394 et
251 3331 437 3413 Hugouem
452 3333 494 3395 de
513 3331 628 3397 Boves
646 3352 723 3396 curn
742 3332 941 3395 Brabantiis
959 3332 1042 3408 suis,
1057 3351 1146 3412 prae·

197 3438 383 3511 rogantes;
402 3432 513 3495 tertiae
530 3430 1018 3507 acieiOtbonem,Romanum
1036 3430 1145 3511 impe·

197 3537 359 3606 ratorem‚
383 3529 586 3595 Alemannis
617 3530 868 3614 pugnatoribus
896 3528 1144 3610 praetulerunt;

197 3629 316 3711 sicque
342 3630 519 3693 moderato
540 3650 661 3711 gressu
689 3631 725 3694 iu
749 3629 867 3693 hostes
893 3628 1067 3710 progressi
1090 3647 1147 3690 us-

197 3747 265 3810 que
282 3729 325 3791 ad
343 3729 554 3794 Francorum
574 3730 714 3812 agmina
734 3735 974 3810 pervenerunt.
1013 3726 1147 3790 Videns

234 3943 381 3997 ¹Hodiernu
391 3941 465 4015 dien]
482 3948 490 3976 ‘
503 3947 568 3997 Cum
582 3947 660 4009 igitur
683 3945 724 3994 Tu
735 3945 818 4005 fugies
825 3948 945 4004 tunquam
957 3942 1146 4000 formidolosum

198 4032 285 4080 pugna
305 4032 360 4079 prae
382 4019 499 4066 manibus
518 4017 661 4078 baberetur,
685 4029 732 4077 ego
749 4019 834 4063 autern
856 4014 905 4062 snb
924 4012 1038 4074 periculo
1056 4012 1148 4075 capitis

197 4088 253 4149 ipse
274 4087 368 4135 dicitur
387 4087 484 4136 dixisse
506 4087 612 4148 Hugoui
628 4086 661 4135 de
685 4085 734 4132 mei
749 4083 868 4145 pugnabo
878 4087 904 4131 et
915 4083 1047 4130 remanebo
1058 4085 1148 4142 captus

198 4157 292 4218 Boves,
303 4156 371 4206 Ecce
382 4171 469 4219 pugna
479 4171 557 4218 quam
565 4161 592 4206 tu
601 4170 660 4205 sua·
686 4154 726 4203 vel
742 4151 889 4202 interiectus
897 4151 917 4214 3’
930 4151 1010 4212 Brito,
1023 4167 1049 4212 p.
1060 4154 1103 4200 99.

198 4225 287 4288 debas,
302 4240 351 4289 ego
368 4231 452 4276 autem
472 4225 660 4277 dissuadebam.

244 4316 325 4364 Vols.
343 4317 398 4364 111.
975 4311 998 4359 U
