2970 5016
340 444 406 507 ³66
597 459 730 508 sooner
755 461 802 508 nr
826 461 1034 509 wawnovnn

180 634 235 674 ro.
248 635 303 673 121⁶.
341 635 502 679 coronam
522 614 662 696 Angliae
685 616 759 680 sine
782 615 967 678 baronibus
990 614 1094 677 alicui
1113 614 1198 678 dare
1225 635 1291 677 non

341 715 466 797 potuit,
492 716 607 797 potuit
630 723 744 778 tamen
768 714 941 777 dimittere
962 732 1059 793 eam3
1093 733 1199 796 quam
1222 723 1294 777 sta-

341 814 403 877 tim
426 833 504 877 cnm
528 814 729 895 resignavit,
753 832 815 876 rex
843 831 920 876 esse
947 812 1060 889 desiit,
1090 822 1126 876 et
1149 833 1293 894 regnum

340 913 415 977 sine
438 933 519 994 rege
542 913 692 977 vacavit.
745 912 888 976 Vacans
909 910 1028 994 itaque
1049 931 1196 992 regnum
1219 914 1293 977 sine

341 1013 527 1075 baronibus
557 1012 706 1076 ordinari
739 1031 807 1074 non
838 1010 985 1090 debuit;
1024 1010 1115 1074 unde
1145 1012 1292 1075 barones

341 1111 521 1192 elegerunt
546 1111 721 1175 dominnm
753 1109 976 1175 Lodowicum
1009 1111 1144 1174 ratione
1173 1113 1294 1175 uxoris

342 1230 428 1287 suae,
455 1211 556 1293 cnjus
576 1218 699 1287 mater,
722 1210 844 1290 regina
865 1210 997 1273 scilicet
1021 1208 1197 1286 Castaliae,
1219 1212 1294 1274 sola

342 1329 387 1373 ex
415 1310 573 1373 omnibus
596 1308 761 1372 fratribus
786 1316 821 1373 et
840 1308 1016 1373 sororibus
1038 1310 1131 1389 regis
1154 1308 1293 1390 Angliae

343 1408 464 1472 vivens
484 1408 573 1472 suit!
624 1406 724 1472 Tunc
746 1407 884 1489 legatus
907 1407 1099 1490 proposuit,
1114 1408 1209 1490 qnod
1233 1430 1293 1473 rex

343 1507 525 1571 Johannes
549 1514 625 1572 erat
649 1526 750 1571 cruce
778 1508 950 1588 signatus,
975 1506 1068 1571 unde
1096 1526 1142 1571 ex
1164 1509 1294 1571 consti-

345 1607 478 1670 tutione
504 1607 676 1688 generalis
701 1607 836 1671 concilii
869 1625 987 1688 pacem
1019 1606 1146 1671 babere
1176 1605 1296 1672 debuit

344 1724 454 1787 usqne
479 1705 517 1767 in
544 1715 695 1787 quatuor
716 1725 840 1782 annos,
867 1714 903 1769 et
928 1706 1044 1769 omnia
1072 1708 1138 1769 sub
1160 1715 1319 1788 proteo·

344 1804 440 1868 tione
466 1804 557 1868 sedis
583 1804 783 1886 apostolicae
804 1823 929 1868 secura
950 1824 1173 1886 permanere;
1205 1806 1295 1869 unde

344 1903 457 1967 medio
485 1911 638 1986 tempore
670 1902 875 1968 Lodowicus
906 1923 976 1967 non
1004 1904 1122 1968 debuit
1150 1924 1295 1969 werram

344 2000 437 2066 dioto
470 2002 545 2085 regi
577 2021 726 2080 movere,
758 2022 821 2067 nee
853 2022 930 2066 eum
955 2021 976 2065 a
1005 2023 1111 2084 regno
1146 2005 1294 2085 privare.

344 2099 401 2163 Ad
429 2102 503 2164 haee
530 2109 734 2182 procurator
759 2100 936 2167 Lodowici
965 2102 1156 2184 respondit,
1187 2109 1196 2136 ‘
1218 2103 1294 2168 Rex

344 2199 524 2262 Johannes
547 2208 629 2263 ante
648 2219 784 2263 crucem
806 2208 980 2282 sumptam
1003 2221 1149 2266 werram
1181 2224 1297 2266 move-

344 2305 400 2362 rat
422 2298 562 2361 domino
588 2297 788 2376 Lodowico,
807 2307 843 2364 et
865 2308 1016 2364 castrum
1042 2302 1086 2364 de
1113 2301 1295 2366 Bunebam

345 2396 528 2461 obsederat
553 2405 589 2462 et
610 2397 696 2461 illud
723 2397 966 2478 destruxerat3
990 2398 1111 2463 Arium
1137 2401 1297 2465 similiter

345 2503 484 2578 ceperat
506 2506 607 2560 etex
630 2498 784 2562 maxima
804 2506 904 2580 parte
929 2499 1024 2562 illam
1046 2500 1297 2576 combusserat,

346 2602 382 2659 et
407 2595 487 2659 inde
520 2596 648 2660 milites
684 2596 813 2661 multos
847 2605 883 2661 et
913 2598 1102 2662 servientes
1137 2600 1296 2681 captivos

346 2693 521 2758 abducens
552 2694 664 2758 adhuc
697 2695 828 2760 detinet
856 2695 1112 2775 incarceratos;
1144 2706 1295 2762 castrum

346 2813 485 2877 quoque
514 2794 557 2857 de
590 2793 695 2858 Liens
725 2795 860 2858 obsedit
889 2804 926 2858 et
950 2796 998 2859 ibi
1029 2796 1159 2860 multos
1191 2799 1296 2863 inter·

346 2892 449 2972 fecit3
472 2893 674 2957 comitatum
696 2894 740 2957 de
758 2893 898 2970 Gisnes,
916 2896 975 2975 qui
997 2895 1041 2958 de
1062 2896 1148 2976 ligio
1168 2897 1296 2961 domini

347 2989 523 3056 Lodowici
544 2991 644 3056 feodo
666 3001 732 3068 est,
753 2992 844 3056 serro
865 3001 901 3056 et
918 2992 1058 3057 flamma
1075 2994 1294 3072 devastavit;

347 3098 383 3153 et
404 3091 517 3154 adhuc
539 3091 645 3154 etiam
667 3099 747 3173 post
768 3111 904 3156 crucem
928 3101 1101 3175 sumptam
1127 3095 1166 3157 in
1188 3113 1298 3159 werra

347 3195 401 3252 est
423 3197 545 3253 eontra
569 3188 745 3254 dominum
778 3190 1013 3269 Lodowicum,
1042 3193 1134 3255 unde
1161 3193 1296 3276 justum

347 3287 474 3351 bellum
508 3297 624 3371 potest
661 3310 799 3354 movere
828 3298 949 3355 contra
981 3291 1117 3373 ipsum!
1184 3292 1297 3374 Lega-

349 3396 404 3450 tus
435 3388 554 3470 itaque
587 3388 641 3452 his
677 3389 870 3454 rationibus
905 3409 973 3454 non
1002 3398 1189 3454 contentus
1218 3411 1296 3473 pro-

347 3485 471 3564 hibuit,
499 3487 591 3551 sicut
618 3488 726 3570 prius,
758 3490 822 3552 sub
854 3508 961 3571 poena
989 3492 1297 3555 excommunicati·

348 3585 436 3662 onis,
459 3605 501 3649 ne
528 3585 735 3650 Lodowious
758 3588 923 3670 Angliam
951 3589 1081 3652 intrare
1107 3609 1296 3671 praesume·

348 3694 412 3761 ret,
444 3692 481 3748 et
504 3692 638 3766 patrem
665 3685 753 3768 ejus,
778 3706 822 3751 ne
848 3688 962 3769 ipsum
992 3689 1043 3752 ire
1071 3690 1297 3770 permitteret.

349 3781 417 3846 His
434 3783 573 3862 auditis,
592 3784 799 3850 Lodowieus
814 3788 905 3869 patri
922 3807 985 3851 sno
999 3788 1101 3864 dixit,
1114 3792 1124 3822 ‘
1136 3789 1297 3864 Domine,

347 3883 413 3945 etsi
439 3902 505 3964 ego
527 3883 629 3948 homo
650 3893 765 3949 vester
789 3885 992 3967 ligius-sum
1015 3886 1058 3950 de
1081 3885 1183 3951 feodo
1206 3887 1296 3969 quod

347 3979 431 4044 mibi
462 3981 586 4046 dedisti
618 3983 653 4046 in
692 3985 850 4065 partibus
881 3987 1084 4062 cismarinis,
1113 3985 1158 4049 de
1192 4006 1298 4067 regno

346 4079 486 4161 Angliae
504 4082 548 4145 ad
571 4102 633 4147 vos
657 4103 725 4147 non
748 4086 897 4166 pertinet
913 4093 1067 4150 statuere
1087 4086 1297 4168 quicquam3

347 4180 438 4243 unde
461 4200 514 4244 me
535 4181 681 4266 subjicio
697 4183 830 4266 judicio
853 4185 987 4266 parium
1009 4205 1178 4264 meorum,
1195 4187 1226 4249 si
1241 4186 1299 4250 de·
