2970 5016
382 466 522 514 roonns
546 465 816 515 msronmnun.
1032 452 1075 517 27

10 638 15 647 ·
123 622 237 704 turpia
273 622 317 686 de
350 624 510 707 symonia
539 631 573 688 et
602 625 884 707 concupiscentia
913 624 1075 691 Romana
1087 645 1208 685 nonno

122 729 157 785 et
180 722 250 787 alia
278 724 432 787 convitia
457 724 580 800 multa,
602 724 720 787 dicens
746 725 838 806 quod
868 734 1076 807 acceperant

121 823 250 903 septies
279 829 418 886 centum
445 842 580 887 marcas
617 842 680 905 pro
716 825 975 889 consecratione
1004 826 1076 908 epi·

122 922 218 1004 scopi
244 921 501 999 Cenomanniee,
532 930 568 986 et
600 942 663 1004 pro
693 923 870 1005 legatione
895 923 1075 1002 Willelmi,

123 1021 272 1085 Eliensis
302 1022 467 1104 episcopi,
499 1021 593 1085 mille
627 1030 662 1087 et
695 1024 903 1105 quingentas
940 1042 1075 1088 marcas

122 1121 269 1202 argenti,
293 1139 428 1186 necnon
454 1122 498 1186 ab
526 1121 785 1205 archiepiscopo
809 1122 1074 1204 Burdegalensi,

122 1219 181 1302 qui
211 1238 233 1283 a
256 1221 389 1285 clericis
412 1222 485 1284 suis
510 1222 740 1285 accusabatur
766 1222 809 1285 de
832 1222 985 1300 crimine,
1015 1243 1075 1305 pe·

123 1320 259 1383 cuniam
288 1321 486 1396 infinitam;
520 1321 639 1403 sicque
671 1320 819 1384 Romam
849 1321 991 1386 visitare
1019 1343 1073 1386 re-

125 1438 234 1482 nuens
250 1439 359 1502 prope
377 1419 534 1502 Capuam
549 1418 715 1501 Apuliam
733 1421 890 1484 intravit.

129 1590 171 1654 Ut
185 1612 238 1654 rac
253 1590 433 1656 Richardus
446 1591 637 1670 Arthurum,
653 1600 787 1677 nepotem
803 1613 905 1671 mmo,
920 1591 1066 1656 incedam

477 1689 538 1755 sibi
553 1692 721 1756 condit-int.

184 1814 361 1879 Paridem
388 1823 525 1898 tompus
550 1836 613 1880 rex
636 1817 765 1880 Siciliae
786 1814 1001 1892 Tanoredus,
1015 1815 1074 1898 qui
1088 1837 1181 1878 orer-n

122 1913 298 1978 Willelmo
321 1916 394 1996 regi
417 1923 645 1994 successerat,
665 1923 704 1980 nt
726 1915 799 1997 regi
817 1915 994 1979 Richardo
1012 1935 1074 1997 pa.
1087 1888 1183 1988 2313·
1191 1889 1224 1928 u.

123 2014 330 2092 cificaretur,
352 2015 446 2080 dedit
467 2016 577 2079 eidem
599 2017 671 2098 regi
690 2035 752 2097 pro
770 2014 986 2080 relaxatione
1002 1988 1219 2080 om·ii¹1r¹i¹¹'¹¹¹¹⁸

123 2114 218 2176 nium
247 2133 360 2179 rerum
394 2133 482 2197 quas
515 2115 655 2197 petebat
677 2115 801 2196 viginti
829 2115 937 2180 millia
959 2116 1077 2178 uncia-

123 2233 198 2276 rum
220 2206 383 2296 ¹argenti,
407 2221 442 2276 et
466 2214 609 2278 totidem
632 2214 750 2277 uncias
771 2215 846 2278 auri
870 2234 932 2297 pro
959 2215 1076 2296 quieta

123 2313 309 2378 clamantia
337 2315 549 2390 testamenti,
571 2314 664 2397 quod
687 2334 749 2377 rex
765 2313 963 2378 Willelmus
985 2314 1075 2379 fece·

122 2420 179 2476 rat
202 2411 357 2477 Henrico
382 2414 457 2494 regi
484 2415 576 2495 patri
598 2433 675 2492 suo,
707 2425 743 2478 et
767 2433 832 2496 pro
853 2413 1075 2477 matrimonio

121 2512 215 2594 quod
235 2521 310 2578 erat
332 2512 604 2578 contrahendum
625 2513 716 2577 inter
733 2511 937 2589 Arthurum,
953 2513 1075 2577 ducem

123 2611 327 2690 Britanniae,
346 2620 383 2676 et
408 2612 513 2676 filiam
536 2614 629 2694 regis
657 2613 853 2691 Teneredi3
886 2612 943 2676 ubi
970 2613 1075 2675 etiam

122 2729 185 2774 rex
199 2712 380 2776 constituit
397 2712 542 2776 eundem
567 2711 760 2776 Arthurum
785 2711 955 2774 haeredem
975 2729 1075 2773 suum

122 2809 312 2891 legitimum
334 2812 364 2874 si
386 2812 462 2876 sine
485 2811 620 2877 haerede
643 2812 847 2888 moriretur3
880 2829 948 2892 quo
971 2808 1076 2885 facto,

123 2928 185 2973 rex
201 2911 293 2975 viam
310 2931 383 2975 snae
400 2911 691 2993 peregrinationis
708 2910 849 2993 explere
864 2909 1064 2973 maturavit.

129 3082 171 3147 Ut
186 3084 294 3169 rapina
311 3084 454 3162 Alcanor,
471 3106 492 3148 c
501 3084 575 3168 filio
590 3083 738 3161 recedens,
756 3083 983 3168 Beratpariom
997 3104 1067 3147 cam

486 3206 519 3249 co
535 3184 706 3269 reliquerit.

172 3307 303 3373 Eodem
321 3318 475 3392 tempore
490 3303 629 3391 ‘regina
641 3307 817 3386 Alienora,
834 3307 897 3372 lilii
913 3309 967 3370 sui
984 3307 1076 3389 regis
1086 3330 1237 3420 gamm

124 3407 191 3472 iter
213 3417 451 3490 prosecutura,
476 3417 510 3473 et
528 3409 712 3473 transitum
735 3409 865 3473 faciens
892 3426 954 3489 per
979 3427 1076 3470 mon·
1088 3429 1237 3470 riona-nn

124 3515 193 3570 tem
210 3505 233 3571 J
236 3508 294 3572 ani
321 3516 356 3573 et
381 3528 443 3590 per
460 3507 576 3573 Italiae
599 3508 716 3589 plana,
739 3507 878 3572 tandem
902 3505 946 3569 ad
969 3479 1223 3568 filium¹³⁸‘⁶¹¹⁸'¹¹⁸'

123 3608 299 3688 pervenit3
333 3627 411 3671 cum
433 3628 503 3690 quo
523 3615 674 3690 quatuor
696 3607 827 3670 dierum
845 3624 977 3670 moram
992 3605 1077 3668 iaci-

122 3723 183 3770 ens
213 3707 390 3771 licentiata
420 3727 541 3771 versus
574 3705 738 3788 Angliam
771 3707 925 3782 recessit,
955 3699 1077 3768 ”relin-

158 3909 302 3975 magma]
326 3912 450 3961 Benedict
464 3912 515 3961 and
532 3911 587 3960 Ho-
649 3907 905 3971 magistralium]
924 3906 1077 3966 Diceto,col.

124 3982 205 4031 reden
227 3982 306 4044 speak
333 3981 362 4029 of
382 3983 403 4030 it
428 3997 456 4031 aa
480 3981 539 4043 gold
561 3982 587 4029 in
612 3984 678 4037 6573
697 3993 813 4040 compare
826 3977 943 4037 Vinsaui,
954 3992 981 4038 p.
993 3980 1050 4026 316.

123 4052 182 4101 both
199 4066 281 4102 cases.
316 4051 371 4100 The
389 4052 487 4100 churter
504 4050 532 4099 ol
545 4051 588 4098 ai·
647 4048 815 4112 ‘Relinquetur
832 4047 867 4095 ibi
878 4046 1078 4110 Bereugnriom.]

122 4122 200 4171 chard
219 4128 245 4171 to
262 4123 378 4171 Tsncred
396 4123 418 4170 is
434 4123 461 4170 in
478 4121 519 4168 the
539 4120 589 4168 for·
612 4120 663 4167 She
671 4135 724 4167 was
736 4119 781 4167 left
789 4117 850 4166 with
859 4117 984 4178 Joan,tlre
994 4112 1078 4179 king’s

122 4197 214 4242 meret
230 4209 256 4254 p.
268 4195 327 4254 ala,
344 4191 395 4240 and
412 4193 438 4240 in
455 4192 498 4241 the
513 4190 589 4240 latter
613 4191 697 4246 sister,
707 4203 790 4251 queen
802 4187 829 4237 ol
838 4187 933 4249 Sicily;
946 4187 1079 4248 Hoveden,
