2970 5016
446 457 585 504 sununs
610 457 878 507 nrsromsnun.
1078 443 1144 507 243

192 615 388 696 episcopus
401 621 582 699 postquam
599 635 660 697 por
673 616 891 698 septennium
906 636 970 698 pro
983 617 1143 681 libertate
1155 631 1210 671 w·
1221 631 1277 670 ¹²¹³-

192 713 348 777 ecclesiae
374 722 410 778 et
434 714 658 779 exsecutione
677 714 826 797 justitiae
850 715 993 779 exilium
1018 736 1144 798 passus

192 820 257 888 est,
271 812 363 876 diem
380 813 506 876 clausit
521 821 726 877 extremum.
764 813 894 877 Eodem
909 833 1012 890 anuo,
1027 834 1143 879 mense

192 910 375 988 Januario,
395 912 569 975 redieruut
588 931 611 975 a
632 912 728 976 curia
750 905 912 975 Romana
934 913 1143 995 Stephanus,

192 1008 455 1074 Cantnariensis
477 1010 768 1093 archiepiscopus,
786 1010 983 1075 Willelmus
1007 1012 1145 1076 Londo-

171 1187 176 1196 ·
193 1110 322 1172 niensis
337 1117 373 1173 et
388 1109 597 1174 Eustachius
614 1110 764 1174 Eliensis
780 1111 944 1193 episcopi,
960 1119 1008 1187 et,
1024 1111 1143 1176 habito

193 1209 227 1270 in
255 1209 412 1290 partibus
438 1209 676 1272 transmarinis
705 1209 863 1286 concilio,
889 1212 962 1292 regi
992 1211 1144 1274 Franco-

194 1327 269 1370 rum
289 1315 324 1370 et
340 1309 511 1390 episcopis
528 1307 733 1384 Gallicanis,
751 1327 828 1371 cum
846 1309 938 1373 clero
959 1311 1089 1392 pariter
1108 1318 1144 1372 et

192 1406 335 1489 populo,
365 1407 586 1483 sententiam,
620 1425 699 1488 quse
729 1407 766 1469 iu
799 1426 914 1488 regem
949 1407 1141 1489 Anglorum

195 1505 319 1568 Romae
345 1525 408 1587 pro
439 1505 658 1570 contumacia
688 1505 761 1568 lata
789 1504 914 1582 fuerat,
945 1507 1144 1570 solemniter

193 1603 484 1688 promulgarunt;
529 1604 652 1667 deinde
677 1623 722 1668 ex
749 1611 849 1685 parte
872 1604 1001 1668 domini
1030 1625 1143 1687 papae,

193 1710 265 1765 tam
288 1704 362 1785 regi
384 1704 597 1769 Francorum
618 1721 721 1784 quam
741 1703 877 1766 eaeteris
903 1705 1086 1780 universis,
1108 1705 1143 1767 in

193 1801 427 1865 remissionem
463 1822 604 1866 snorum
636 1803 872 1883 peccaminum
905 1803 1144 1885 injunxerunt,

194 1908 234 1964 nt
248 1919 366 1963 omnes
385 1901 516 1983 pariter
533 1902 576 1964 ad
597 1899 760 1982 Angliam
783 1900 956 1965 hostiliter
977 1901 1143 1964 accedeu-

193 2006 247 2062 tes
277 1999 473 2063 Johannem
501 2019 617 2081 regem
641 2018 663 2062 a
685 1999 773 2062 solio
803 2000 901 2081 regni
932 2000 1144 2081 deponerent

193 2105 229 2161 et
252 2097 371 2175 alium,
399 2098 459 2180 qui
487 2099 614 2180 diguus
641 2105 742 2175 esset,
771 2099 978 2163 auctoritate
1006 2109 1145 2181 aposto-

192 2195 261 2261 lica
279 2198 519 2278 subrogarent.
564 2197 665 2260 Tunc
682 2216 745 2260 rex
764 2197 975 2261 Francorum
997 2217 1069 2260 rem
1085 2198 1144 2260 diu

193 2295 423 2359 desideratam
445 2296 643 2377 intelligens
670 2296 825 2361 accinxit
846 2315 884 2361 se
910 2298 954 2360 ad
980 2316 1144 2378 pugnam,

195 2401 302 2476 atque
326 2414 445 2459 omnes
470 2414 543 2458 suae
569 2395 708 2458 ditionis
731 2394 899 2472 homines,
926 2396 1030 2458 duces
1053 2395 1145 2459 vide·

194 2492 288 2569 licet,
311 2494 454 2557 comites
482 2502 518 2557 et
543 2494 704 2569 barones,
727 2494 854 2557 milites
883 2501 919 2557 et
943 2494 1145 2570 servientes,

194 2610 272 2655 cum
291 2593 389 2674 equis
409 2600 444 2657 et
461 2592 566 2655 armis
582 2593 690 2676 jussit
704 2591 740 2654 in
756 2592 890 2656 octavis
912 2591 1058 2654 Paschae
1081 2593 1145 2654 suh

194 2691 331 2754 nomine
355 2684 576 2772 ¹culvertagii
601 2690 692 2773 apud
722 2689 981 2771 Rothomugum
1008 2689 1059 2753 ita
1083 2709 1145 2771 po·

194 2796 307 2852 tenter
343 2790 538 2866 convenire,
572 2808 615 2853 ne
650 2789 793 2852 erimine
826 2789 920 2852 laesae
951 2789 1145 2872 majestatis

193 2887 358 2951 damnum
393 2889 566 2952 incurrere
598 2888 822 2966 viderentur3
859 2887 941 2951 fecit
976 2895 1146 2969 praeterea

194 3005 313 3050 ornnes
352 3006 460 3052 naves
495 3006 568 3051 suae
603 2988 799 3070 potestatis,
832 2993 868 3050 et
900 2986 988 3050 alias
1017 2985 1146 3050 multas

193 3104 282 3167 quas
303 3086 467 3167 colligere
488 3094 638 3168 poterat,
661 3086 845 3162 frumento,
867 3086 962 3162 vino,
985 3104 1088 3149 carne
1111 3094 1146 3149 et

193 3183 340 3248 diversis
370 3186 593 3249 armamentis
620 3187 750 3267 optime
776 3185 915 3261 muniri,
943 3186 1042 3248 utin
1072 3204 1146 3249 om-

194 3282 288 3346 nium
316 3285 452 3366 copiam
485 3303 598 3347 rerum
631 3291 702 3347 tam
736 3302 939 3347 numerosus
972 3286 1146 3348 exercitus

192 3376 414 3447 abundaret.²

229 3549 425 3621 ¹Crrloertrgii.]
437 3554 491 3603 The
500 3560 562 3603 term
572 3556 594 3603 is
603 3555 657 3604 also
716 3551 901 3622 'Abunduret.]
919 3557 950 3604 In
961 3557 1012 3605 this
1023 3572 1085 3617 year
1092 3572 1147 3607 was

194 3624 258 3672 used
267 3618 572 3682 belowinJohn¹awrits3
585 3625 657 3686 Spel-
682 3640 698 3674 a
720 3631 792 3687 great
814 3627 857 3674 tire
879 3630 906 3674 ut
933 3625 1045 3674 london.
1092 3627 1146 3676 'lhe

194 3707 252 3741 man
268 3693 368 3742 derives
385 3693 405 3741 it
421 3693 483 3741 from
506 3689 657 3754 ‘culver‚’a
681 3694 1147 3757 prioryofSonthwarls,withagreat

192 3762 266 3823 dore,
287 3762 338 3810 and
357 3763 481 3824 imagines
504 3764 524 3811 it
540 3767 565 3811 to
583 3778 656 3812 mean
681 3768 740 3825 purt
760 3763 790 3812 of
813 3764 855 3813 the
882 3765 934 3824 city
954 3779 1015 3813 near
1042 3765 1146 3814 london

191 3831 234 3880 the
251 3845 320 3879 same
332 3832 394 3879 with
409 3827 557 3893 ‘uideringss
569 3847 657 3881 occur·
681 3833 780 3894 bridge,
793 3846 848 3881 was
859 3833 958 3882 burned
970 3834 1061 3893 down;
1077 3849 1145 3883 more

191 3901 249 3962 ring
259 3899 585 3962 besoreiutheyeartosa.
602 3901 657 3950 The
679 3902 742 3950 than
766 3902 836 3950 three
858 3902 985 3951 thousand
1012 3903 1075 3952 lives
1101 3918 1145 3952 are

191 3971 294 4030 penalty
316 3970 345 4019 ol
367 3971 513 4033 culvertage
536 3986 592 4020 was
614 3971 657 4020 the
682 3972 739 4020 said
756 3976 781 4018 to
801 3970 865 4020 have
885 3973 949 4021 been
967 3972 1032 4033 loat;
1050 3973 1146 4023 Aunal.

191 4040 353 4087 confiscation
363 4040 392 4088 ol
398 4040 441 4089 the
453 4045 572 4104 property
579 4040 608 4088 ol
614 4040 656 4091 the
682 4041 793 4089 Waverl.
805 4055 832 4101 p.
843 4045 898 4090 17³.

192 4109 274 4170 guilty
285 4114 369 4171 party.
