2970 5016
414 484 554 533 neonus
577 486 844 536 nrsrorunnou.
1039 471 1104 534 153

150 643 210 725 qui
250 643 422 712 illuminat
452 662 587 707 omnem
627 642 798 707 bominem
833 644 1024 708 venientem
1066 646 1102 708 in
1116 663 1171 704 nn.
1182 665 1239 703 1200.

150 741 241 804 hunc
274 742 452 819 mundum,
484 762 547 824 pro
578 741 655 806 luce
690 742 871 825 temporali
906 743 1017 807 lucem
1053 713 1267 831 eislfu‘sl'ollll‘

149 842 354 905 concederet
386 842 641 923 sempiternam.
708 841 886 905 Divitibus
920 851 1036 906 autem
1067 853 1103 909 et
1116 813 1242 863 mm

151 941 374 1022 magnatibus
409 940 592 1018 universis,
629 948 664 1004 et
695 942 868 1023 praecipue
904 943 1038 1006 civibus
1068 953 1104 1007 et

151 1040 412 1116 mercatoribus,
440 1040 663 1122 praedicabat,
686 1048 726 1103 ut
755 1060 890 1123 semper
917 1042 952 1103 in
983 1061 1103 1105 mensa

151 1137 282 1202 discum
306 1139 437 1205 Christi
458 1158 521 1220 pro
544 1139 753 1221 pauperibus
782 1139 959 1217 baberent,
981 1150 1102 1222 quate·

152 1257 229 1314 nus,
244 1246 386 1301 assueta
408 1238 647 1319 superfluitate
667 1238 857 1316 subtracta,
876 1239 1102 1322 indigentium

150 1337 302 1418 inopiam
334 1337 567 1401 sublevarent.
620 1336 721 1401 Diem
749 1357 830 1400 vero
860 1339 997 1402 sabbati
1023 1348 1104 1423 post

152 1454 292 1513 nonam,
317 1435 408 1499 sicut
435 1436 524 1500 diem
554 1436 787 1512 Dominicum,
812 1437 856 1498 ab
880 1438 971 1499 omni
1000 1458 1103 1520 opere

152 1535 269 1599 servili
287 1536 452 1599 custodiri
471 1534 669 1613 mandavit;
694 1542 728 1597 et
744 1534 907 1616 deinceps
922 1536 1012 1597 diem
1032 1538 1104 1600 Do·

152 1635 314 1697 minicum
340 1654 418 1697 cum
450 1643 552 1698 nocte
584 1634 754 1716 sequenti,
787 1635 848 1715 qui
875 1634 949 1697 dies
977 1633 1104 1698 dicitur

152 1733 334 1806 naturalis,
354 1742 390 1797 et
413 1734 563 1816 requiem
588 1734 700 1796 innuit
723 1752 785 1814 per
803 1732 949 1815 liguram
974 1742 1103 1798 nostrae

152 1841 328 1914 perpetuae
345 1834 483 1915 quietis.

230 2008 280 2071 Do
294 2007 445 2072 miraculo
461 2007 593 2088 terrifico
615 2007 742 2071 cuidam
757 2006 884 2072 mulieri
895 2008 1021 2091 inflicto.

203 2130 333 2194 Eodem
355 2138 508 2213 tempore
529 2130 652 2193 mulier
673 2131 832 2212 quaedam
856 2132 898 2195 de
923 2133 1103 2214 provincia
1115 2153 1202 2192 nitore
1212 2153 1232 2193 n

154 2229 386 2307 Norlolcensi,
412 2231 476 2294 viri
502 2231 568 2294 Dei
593 2231 724 2293 monita
750 2250 927 2312 spernens,
955 2251 1024 2294 uno
1048 2231 1102 2295 die
1115 2203 1210 2242 mm

152 2330 288 2393 sabbati
324 2339 404 2412 post
440 2349 565 2393 nonam
603 2348 738 2410 pannos
767 2329 886 2393 lavare
918 2332 1101 2411 perrexit;

150 2447 229 2511 quae
258 2448 335 2491 cum
367 2429 539 2492 laborioso
568 2437 695 2492 conatu
725 2428 769 2491 ad
800 2428 997 2492 inchoatum
1026 2429 1100 2512 jam

151 2547 239 2609 opus
256 2528 415 2605 instaret,
438 2529 585 2592 accessit
607 2528 746 2591 adeam
769 2527 822 2588 vir
842 2527 980 2609 quidam
1005 2547 1100 2591 reve·

152 2627 267 2691 rendae
286 2630 414 2704 aratis,
434 2627 500 2690 sibi
518 2627 657 2708 penitus
678 2627 831 2708 ignotuS,
851 2627 1032 2688 sciscitans
1049 2627 1102 2688 in-

152 2728 336 2809 crepando,
366 2746 435 2808 qua
465 2726 656 2789 temeritate
682 2733 762 2806 post
790 2725 856 2788 viri
886 2725 951 2788 Dei
984 2725 1100 2806 probi·

152 2832 316 2896 bitionem
339 2847 425 2891 ausa
447 2826 494 2889 sit
520 2833 599 2907 post
622 2843 746 2887 nonam
771 2842 904 2905 pannos
925 2823 1042 2886 lavare
1066 2832 1101 2887 et

152 2939 311 2995 sanctum
345 2927 435 2990 diem
477 2923 613 2987 sabbati
650 2942 753 3004 opere
786 2921 907 2986 illicito
942 2922 1098 3001 violare3

153 3029 284 3094 addidit
306 3027 458 3108 insuper,
482 3023 587 3106 quod,
611 3023 676 3085 nisi
700 3021 844 3084 celerius
867 3023 910 3085 ab
937 3023 1099 3104 incoeptis

152 3130 344 3203 desisteret,
367 3126 472 3188 sciret
491 3144 529 3187 se
551 3121 705 3204 profecto
724 3122 811 3184 iram
835 3122 901 3185 Dei
924 3141 1002 3185 cum
1023 3122 1099 3185 cccli

151 3229 282 3292 ultione
298 3225 503 3308 quantocius
521 3223 748 3285 incursuram.
794 3218 843 3283 At
856 3221 928 3298 illa,
942 3222 1016 3285 viro
1034 3222 1100 3285 sibi

47 3312 51 3317 ’
150 3325 394 3391 sermocinanti
412 3330 591 3404 urgentem
613 3319 828 3402 praetendens
847 3321 1010 3402 inopiam,
1024 3320 1101 3383 dix-

153 3429 193 3504 it,
215 3446 253 3489 se
279 3423 476 3507 hujusmodi
505 3422 623 3485 labore
648 3421 755 3482 vitam
777 3419 935 3482 miseram
956 3427 1100 3482 eatenus

153 3525 370 3609 perduxisse,
401 3531 448 3597 et,
478 3522 507 3583 si
538 3521 582 3583 ab
611 3537 715 3601 opere
743 3525 908 3581 consueto
937 3524 1100 3593 cessaret,

155 3623 343 3708 periculum
364 3622 406 3686 de
422 3621 505 3684 vitae
525 3618 678 3682 subsidio
697 3616 883 3680 dubitaret.
929 3617 1100 3697 Denique,

151 3744 229 3788 cum
259 3723 373 3786 subito
402 3721 455 3784 vir
484 3719 543 3782 illc
572 3719 616 3780 ab
646 3717 754 3781 oculis
786 3716 861 3800 ejus
890 3715 1100 3792 evanuisset,

152 3823 357 3906 propensius
380 3839 484 3902 quam
508 3819 603 3900 pn‘us
630 3815 770 3891 lecerat,
792 3834 925 3897 pannos
948 3833 1030 3876 suos
1053 3815 1101 3877 la-

151 3942 235 3988 vare
259 3920 360 3985 etad
384 3919 491 3982 solem
522 3918 653 3981 siccare
680 3915 879 3977 maturavit.
945 3913 1012 3976 Sed
1035 3912 1100 3974 hiis

152 4022 311 4086 omnibus
335 4020 421 4083 ultio
441 4017 558 4080 diviua
583 4035 652 4078 non
673 4013 802 4091 deluit3
838 4030 986 4092 namque
1007 4012 1100 4074 illico

151 4120 315 4185 mamillae
337 4118 489 4182 mulieris
511 4115 662 4179 sinistrae
679 4113 778 4194 quasi
796 4110 966 4193 porcellus
988 4111 1102 4174 colore

152 4221 359 4304 nigerrimus
379 4216 494 4282 subito
519 4214 699 4279 adhaerens
721 4211 816 4274 nullo
838 4218 966 4275 conatu
989 4211 1104 4294 potuit
