<?xml version="1.0" encoding="UTF-8"?>
<!DOCTYPE html PUBLIC "-//W3C//DTD XHTML 1.0 Transitional//EN"
    "http://www.w3.org/TR/xhtml1/DTD/xhtml1-transitional.dtd">
<html xmlns="http://www.w3.org/1999/xhtml" xml:lang="en" lang="en">
 <head>
  <title>
</title>
<meta http-equiv="Content-Type" content="text/html;charset=utf-8" />
  <meta name='ocr-system' content='tesseract 3.04.00' />
  <meta name='ocr-capabilities' content='ocr_page ocr_carea ocr_par ocr_line ocrx_word'/>
</head>
<body>
  <div class='ocr_page' id='page_1' title='image "./rogeridewendove08rogegoog_0374.png"; bbox 0 0 2970 5016; ppageno 0'>
   <div class='ocr_carea' id='block_1_1' title="bbox 375 451 1064 515">
    <p class='ocr_par' dir='ltr' id='par_1_1' title="bbox 375 451 1064 515">
     <span class='ocr_line' id='line_1_1' title="bbox 375 451 1064 515; baseline 0.006 -4"><span class='ocrx_word' id='word_1_1' title='bbox 375 463 514 511; x_wconf 72' lang='lat' dir='ltr'><strong>anonas</strong></span> <span class='ocrx_word' id='word_1_2' title='bbox 538 463 810 512; x_wconf 77' lang='lat' dir='ltr'><strong>nrsroninnun.</strong></span> <span class='ocrx_word' id='word_1_3' title='bbox 999 451 1064 515; x_wconf 73' lang='lat'><strong>365</strong></span> 
     </span>
    </p>
   </div>
   <div class='ocr_carea' id='block_1_2' title="bbox 137 697 1044 881">
    <p class='ocr_par' dir='ltr' id='par_1_2' title="bbox 137 697 1044 881">
     <span class='ocr_line' id='line_1_2' title="bbox 137 697 1044 783; baseline -0.002 -20"><span class='ocrx_word' id='word_1_4' title='bbox 137 698 278 779; x_wconf 76' lang='lat' dir='ltr'><strong>Qualiter</strong></span> <span class='ocrx_word' id='word_1_5' title='bbox 295 698 376 763; x_wconf 74' lang='lat' dir='ltr'><strong>idem</strong></span> <span class='ocrx_word' id='word_1_6' title='bbox 392 697 508 783; x_wconf 74' lang='lat' dir='ltr'><strong>Iapetus</strong></span> <span class='ocrx_word' id='word_1_7' title='bbox 522 697 684 761; x_wconf 77' lang='lat' dir='ltr'><strong>Lodoicico</strong></span> <span class='ocrx_word' id='word_1_8' title='bbox 701 698 866 763; x_wconf 74' lang='lat' dir='ltr'><strong>interdicit</strong></span> <span class='ocrx_word' id='word_1_9' title='bbox 883 719 920 761; x_wconf 81' lang='lat' dir='ltr'><strong>ae</strong></span> <span class='ocrx_word' id='word_1_10' title='bbox 934 699 994 761; x_wconf 80' lang='lat' dir='ltr'><strong>irai</strong></span> <span class='ocrx_word' id='word_1_11' title='bbox 1009 699 1044 761; x_wconf 81' lang='lat' dir='ltr'><strong>ic</strong></span> 
     </span>
     <span class='ocr_line' id='line_1_3' title="bbox 510 796 672 881; baseline 0 -22"><span class='ocrx_word' id='word_1_12' title='bbox 510 796 672 881; x_wconf 58' lang='lat' dir='ltr'><strong>abactam.</strong></span> 
     </span>
    </p>
   </div>
   <div class='ocr_carea' id='block_1_3' title="bbox 167 921 1201 1029">
    <p class='ocr_par' dir='ltr' id='par_1_3' title="bbox 167 921 1201 1029">
     <span class='ocr_line' id='line_1_4' title="bbox 167 921 1201 1029; baseline -0.005 -44"><span class='ocrx_word' id='word_1_13' title='bbox 167 922 209 985; x_wconf 94' lang='lat' dir='ltr'><strong>In</strong></span> <span class='ocrx_word' id='word_1_14' title='bbox 234 921 386 985; x_wconf 86' lang='lat' dir='ltr'><strong>crastino</strong></span> <span class='ocrx_word' id='word_1_15' title='bbox 412 922 542 1003; x_wconf 89' lang='lat' dir='ltr'><strong>itaquo,</strong></span> <span class='ocrx_word' id='word_1_16' title='bbox 568 928 775 1002; x_wconf 83' lang='lat' dir='ltr'>procurante</span> <span class='ocrx_word' id='word_1_17' title='bbox 803 941 883 1002; x_wconf 79' lang='lat' dir='ltr'><strong>rege</strong></span> <span class='ocrx_word' id='word_1_18' title='bbox 913 922 1065 985; x_wconf 89' lang='lat' dir='ltr'><strong>Franco·</strong></span> <span class='ocrx_word' id='word_1_19' title='bbox 1078 940 1201 1029; x_wconf 39' lang='lat' dir='ltr'><strong>&amp;pilam</strong></span> 
     </span>
    </p>
   </div>
   <div class='ocr_carea' id='block_1_4' title="bbox 50 1019 1217 4255">
    <p class='ocr_par' dir='ltr' id='par_1_4' title="bbox 50 1019 1217 4255">
     <span class='ocr_line' id='line_1_5' title="bbox 115 1019 1217 1103; baseline -0.001 -18"><span class='ocrx_word' id='word_1_20' title='bbox 115 1040 203 1097; x_wconf 85' lang='lat' dir='ltr'><strong>rum,</strong></span> <span class='ocrx_word' id='word_1_21' title='bbox 226 1021 427 1102; x_wconf 87' lang='lat' dir='ltr'><strong>supervenit</strong></span> <span class='ocrx_word' id='word_1_22' title='bbox 459 1019 664 1083; x_wconf 87' lang='lat' dir='ltr'><strong>Lodowicus</strong></span> <span class='ocrx_word' id='word_1_23' title='bbox 698 1020 741 1082; x_wconf 91' lang='lat' dir='ltr'><strong>ad</strong></span> <span class='ocrx_word' id='word_1_24' title='bbox 775 1021 997 1103; x_wconf 87' lang='lat' dir='ltr'><strong>colloquium,</strong></span> <span class='ocrx_word' id='word_1_25' title='bbox 1031 1031 1066 1085; x_wconf 90' lang='lat' dir='ltr'><strong>et</strong></span> <span class='ocrx_word' id='word_1_26' title='bbox 1079 1039 1217 1078; x_wconf 67' lang='lat' dir='ltr'><strong>fornicante</strong></span> 
     </span>
     <span class='ocr_line' id='line_1_6' title="bbox 117 1088 1197 1202; baseline -0.006 -18"><span class='ocrx_word' id='word_1_27' title='bbox 117 1128 218 1184; x_wconf 87' lang='lat' dir='ltr'><strong>torvo</strong></span> <span class='ocrx_word' id='word_1_28' title='bbox 251 1120 350 1183; x_wconf 89' lang='lat' dir='ltr'><strong>vultu</strong></span> <span class='ocrx_word' id='word_1_29' title='bbox 390 1119 577 1201; x_wconf 86' lang='lat' dir='ltr'><strong>respiciens</strong></span> <span class='ocrx_word' id='word_1_30' title='bbox 609 1119 763 1198; x_wconf 83' lang='lat' dir='ltr'><strong>legatum</strong></span> <span class='ocrx_word' id='word_1_31' title='bbox 790 1119 897 1202; x_wconf 88' lang='lat' dir='ltr'><strong>juxta</strong></span> <span class='ocrx_word' id='word_1_32' title='bbox 933 1129 1064 1202; x_wconf 87' lang='lat' dir='ltr'><strong>patrem</strong></span> <span class='ocrx_word' id='word_1_33' title='bbox 1093 1088 1197 1190; x_wconf 53' lang='lat' dir='ltr'><strong>‘illidi</strong></span> 
     </span>
     <span class='ocr_line' id='line_1_7' title="bbox 116 1217 1068 1301; baseline 0.001 -19"><span class='ocrx_word' id='word_1_34' title='bbox 116 1239 216 1282; x_wconf 90' lang='lat' dir='ltr'><strong>suum</strong></span> <span class='ocrx_word' id='word_1_35' title='bbox 240 1219 391 1295; x_wconf 84' lang='lat' dir='ltr'><strong>resedit3</strong></span> <span class='ocrx_word' id='word_1_36' title='bbox 425 1237 495 1300; x_wconf 91' lang='lat' dir='ltr'><strong>quo</strong></span> <span class='ocrx_word' id='word_1_37' title='bbox 517 1217 622 1294; x_wconf 85' lang='lat' dir='ltr'><strong>facto,</strong></span> <span class='ocrx_word' id='word_1_38' title='bbox 646 1218 783 1299; x_wconf 82' lang='lat' dir='ltr'><strong>legatus</strong></span> <span class='ocrx_word' id='word_1_39' title='bbox 812 1218 930 1281; x_wconf 87' lang='lat' dir='ltr'><strong>multis</strong></span> <span class='ocrx_word' id='word_1_40' title='bbox 958 1220 1068 1301; x_wconf 89' lang='lat' dir='ltr'><strong>preci-</strong></span> 
     </span>
     <span class='ocr_line' id='line_1_8' title="bbox 117 1316 1068 1400; baseline 0.001 -19"><span class='ocrx_word' id='word_1_41' title='bbox 117 1320 181 1382; x_wconf 89' lang='lat' dir='ltr'><strong>bus</strong></span> <span class='ocrx_word' id='word_1_42' title='bbox 210 1318 317 1400; x_wconf 89' lang='lat' dir='ltr'><strong>coepit</strong></span> <span class='ocrx_word' id='word_1_43' title='bbox 343 1337 466 1397; x_wconf 84' lang='lat' dir='ltr'><strong>rogare</strong></span> <span class='ocrx_word' id='word_1_44' title='bbox 500 1316 734 1393; x_wconf 90' lang='lat' dir='ltr'><strong>Lodowicum,</strong></span> <span class='ocrx_word' id='word_1_45' title='bbox 763 1337 805 1380; x_wconf 94' lang='lat' dir='ltr'><strong>ne</strong></span> <span class='ocrx_word' id='word_1_46' title='bbox 837 1318 903 1381; x_wconf 84' lang='lat' dir='ltr'><strong>iret</strong></span> <span class='ocrx_word' id='word_1_47' title='bbox 929 1319 965 1380; x_wconf 91' lang='lat' dir='ltr'><strong>in</strong></span> <span class='ocrx_word' id='word_1_48' title='bbox 992 1317 1068 1382; x_wconf 84' lang='lat' dir='ltr'><strong>An·</strong></span> 
     </span>
     <span class='ocr_line' id='line_1_9' title="bbox 119 1415 1069 1499; baseline 0.001 -20"><span class='ocrx_word' id='word_1_49' title='bbox 119 1418 224 1498; x_wconf 80' lang='lat' dir='ltr'><strong>gliam</strong></span> <span class='ocrx_word' id='word_1_50' title='bbox 248 1417 291 1480; x_wconf 90' lang='lat' dir='ltr'><strong>ad</strong></span> <span class='ocrx_word' id='word_1_51' title='bbox 315 1415 547 1480; x_wconf 83' lang='lat' dir='ltr'><strong>invadendum</strong></span> <span class='ocrx_word' id='word_1_52' title='bbox 564 1416 619 1479; x_wconf 86' lang='lat' dir='ltr'><strong>vel</strong></span> <span class='ocrx_word' id='word_1_53' title='bbox 644 1416 878 1498; x_wconf 86' lang='lat' dir='ltr'><strong>occupandum</strong></span> <span class='ocrx_word' id='word_1_54' title='bbox 902 1418 1069 1499; x_wconf 88' lang='lat' dir='ltr'><strong>patrimo·</strong></span> 
     </span>
     <span class='ocr_line' id='line_1_10' title="bbox 119 1515 1070 1599; baseline 0.001 -21"><span class='ocrx_word' id='word_1_55' title='bbox 119 1517 213 1579; x_wconf 91' lang='lat' dir='ltr'><strong>nium</strong></span> <span class='ocrx_word' id='word_1_56' title='bbox 232 1516 401 1580; x_wconf 83' lang='lat' dir='ltr'><strong>Romanae</strong></span> <span class='ocrx_word' id='word_1_57' title='bbox 424 1515 591 1591; x_wconf 64' lang='lat' dir='ltr'><strong>ecclcsiae,</strong></span> <span class='ocrx_word' id='word_1_58' title='bbox 608 1524 642 1579; x_wconf 88' lang='lat' dir='ltr'><strong>et</strong></span> <span class='ocrx_word' id='word_1_59' title='bbox 659 1522 792 1596; x_wconf 90' lang='lat' dir='ltr'><strong>patrem</strong></span> <span class='ocrx_word' id='word_1_60' title='bbox 813 1516 901 1599; x_wconf 87' lang='lat' dir='ltr'><strong>ejus,</strong></span> <span class='ocrx_word' id='word_1_61' title='bbox 919 1524 958 1579; x_wconf 89' lang='lat' dir='ltr'><strong>ut</strong></span> <span class='ocrx_word' id='word_1_62' title='bbox 974 1516 1070 1598; x_wconf 88' lang='lat' dir='ltr'><strong>prius</strong></span> 
     </span>
     <span class='ocr_line' id='line_1_11' title="bbox 119 1614 1069 1697; baseline 0.001 -20"><span class='ocrx_word' id='word_1_63' title='bbox 119 1615 259 1691; x_wconf 83' lang='lat' dir='ltr'><strong>fecerat,</strong></span> <span class='ocrx_word' id='word_1_64' title='bbox 281 1634 324 1678; x_wconf 89' lang='lat' dir='ltr'><strong>ue</strong></span> <span class='ocrx_word' id='word_1_65' title='bbox 347 1615 460 1697; x_wconf 92' lang='lat' dir='ltr'><strong>ipsum</strong></span> <span class='ocrx_word' id='word_1_66' title='bbox 483 1616 533 1677; x_wconf 88' lang='lat' dir='ltr'><strong>ire</strong></span> <span class='ocrx_word' id='word_1_67' title='bbox 557 1614 781 1696; x_wconf 86' lang='lat' dir='ltr'><strong>permitteret.</strong></span> <span class='ocrx_word' id='word_1_68' title='bbox 850 1614 930 1678; x_wconf 86' lang='lat' dir='ltr'><strong>Rex</strong></span> <span class='ocrx_word' id='word_1_69' title='bbox 953 1622 1069 1679; x_wconf 88' lang='lat' dir='ltr'><strong>autem</strong></span> 
     </span>
     <span class='ocr_line' id='line_1_12' title="bbox 122 1713 1068 1795; baseline -0.002 -17"><span class='ocrx_word' id='word_1_70' title='bbox 122 1714 332 1778; x_wconf 82' lang='lat' dir='ltr'><strong>Francorum</strong></span> <span class='ocrx_word' id='word_1_71' title='bbox 373 1715 490 1795; x_wconf 81' lang='lat' dir='ltr'><strong>legato</strong></span> <span class='ocrx_word' id='word_1_72' title='bbox 532 1714 688 1795; x_wconf 88' lang='lat' dir='ltr'><strong>protinus</strong></span> <span class='ocrx_word' id='word_1_73' title='bbox 728 1713 905 1794; x_wconf 90' lang='lat' dir='ltr'><strong>respondit</strong></span> <span class='ocrx_word' id='word_1_74' title='bbox 939 1714 1068 1791; x_wconf 89' lang='lat' dir='ltr'><strong>dicens,</strong></span> 
     </span>
     <span class='ocr_line' id='line_1_13' title="bbox 120 1812 1068 1895; baseline 0 -19"><span class='ocrx_word' id='word_1_75' title='bbox 120 1813 224 1894; x_wconf 88' lang='lat' dir='ltr'><strong>‘Ego</strong></span> <span class='ocrx_word' id='word_1_76' title='bbox 248 1813 387 1878; x_wconf 90' lang='lat' dir='ltr'><strong>domino</strong></span> <span class='ocrx_word' id='word_1_77' title='bbox 410 1831 511 1895; x_wconf 84' lang='lat' dir='ltr'><strong>papae</strong></span> <span class='ocrx_word' id='word_1_78' title='bbox 531 1819 566 1876; x_wconf 91' lang='lat' dir='ltr'><strong>et</strong></span> <span class='ocrx_word' id='word_1_79' title='bbox 586 1813 741 1876; x_wconf 82' lang='lat' dir='ltr'><strong>ecclesiae</strong></span> <span class='ocrx_word' id='word_1_80' title='bbox 768 1812 937 1876; x_wconf 82' lang='lat' dir='ltr'><strong>Romanae</strong></span> <span class='ocrx_word' id='word_1_81' title='bbox 963 1812 1068 1876; x_wconf 87' lang='lat' dir='ltr'><strong>devo·</strong></span> 
     </span>
     <span class='ocr_line' id='line_1_14' title="bbox 120 1910 1069 1995; baseline 0 -20"><span class='ocrx_word' id='word_1_82' title='bbox 120 1920 177 1975; x_wconf 89' lang='lat' dir='ltr'><strong>tus</strong></span> <span class='ocrx_word' id='word_1_83' title='bbox 201 1932 336 1995; x_wconf 89' lang='lat' dir='ltr'><strong>semper</strong></span> <span class='ocrx_word' id='word_1_84' title='bbox 361 1910 410 1974; x_wconf 86' lang='lat' dir='ltr'><strong>sui</strong></span> <span class='ocrx_word' id='word_1_85' title='bbox 433 1920 468 1974; x_wconf 90' lang='lat' dir='ltr'><strong>et</strong></span> <span class='ocrx_word' id='word_1_86' title='bbox 485 1910 608 1988; x_wconf 88' lang='lat' dir='ltr'><strong>fidelis,</strong></span> <span class='ocrx_word' id='word_1_87' title='bbox 628 1919 663 1975; x_wconf 88' lang='lat' dir='ltr'><strong>et</strong></span> <span class='ocrx_word' id='word_1_88' title='bbox 683 1911 717 1973; x_wconf 93' lang='lat' dir='ltr'><strong>in</strong></span> <span class='ocrx_word' id='word_1_89' title='bbox 741 1912 901 1975; x_wconf 89' lang='lat' dir='ltr'><strong>omnibus</strong></span> <span class='ocrx_word' id='word_1_90' title='bbox 925 1911 1069 1992; x_wconf 80' lang='lat' dir='ltr'><strong>agendis</strong></span> 
     </span>
     <span class='ocr_line' id='line_1_15' title="bbox 121 2008 1070 2094; baseline 0 -20"><span class='ocrx_word' id='word_1_91' title='bbox 121 2012 194 2074; x_wconf 90' lang='lat' dir='ltr'><strong>suis</strong></span> <span class='ocrx_word' id='word_1_92' title='bbox 221 2013 362 2094; x_wconf 86' lang='lat' dir='ltr'><strong>nogotia</strong></span> <span class='ocrx_word' id='word_1_93' title='bbox 396 2029 460 2073; x_wconf 87' lang='lat' dir='ltr'><strong>sua</strong></span> <span class='ocrx_word' id='word_1_94' title='bbox 498 2010 613 2073; x_wconf 88' lang='lat' dir='ltr'><strong>omnia</strong></span> <span class='ocrx_word' id='word_1_95' title='bbox 647 2008 830 2074; x_wconf 86' lang='lat' dir='ltr'><strong>efficaciter</strong></span> <span class='ocrx_word' id='word_1_96' title='bbox 864 2009 931 2072; x_wconf 89' lang='lat' dir='ltr'><strong>buc</strong></span> <span class='ocrx_word' id='word_1_97' title='bbox 962 2030 1070 2094; x_wconf 89' lang='lat' dir='ltr'><strong>usque</strong></span> 
     </span>
     <span class='ocr_line' id='line_1_16' title="bbox 121 2109 1069 2193; baseline -0.001 -19"><span class='ocrx_word' id='word_1_98' title='bbox 121 2112 289 2193; x_wconf 89' lang='lat' dir='ltr'><strong>promovi,</strong></span> <span class='ocrx_word' id='word_1_99' title='bbox 322 2110 384 2173; x_wconf 92' lang='lat' dir='ltr'><strong>sed</strong></span> <span class='ocrx_word' id='word_1_100' title='bbox 417 2129 480 2172; x_wconf 87' lang='lat' dir='ltr'><strong>nec</strong></span> <span class='ocrx_word' id='word_1_101' title='bbox 512 2109 614 2173; x_wconf 95' lang='lat' dir='ltr'><strong>modo</strong></span> <span class='ocrx_word' id='word_1_102' title='bbox 648 2129 710 2192; x_wconf 89' lang='lat' dir='ltr'><strong>per</strong></span> <span class='ocrx_word' id='word_1_103' title='bbox 741 2109 922 2173; x_wconf 90' lang='lat' dir='ltr'><strong>consilium</strong></span> <span class='ocrx_word' id='word_1_104' title='bbox 958 2129 1069 2173; x_wconf 84' lang='lat' dir='ltr'><strong>meum</strong></span> 
     </span>
     <span class='ocr_line' id='line_1_17' title="bbox 121 2208 1072 2274; baseline 0.001 -1"><span class='ocrx_word' id='word_1_105' title='bbox 121 2211 178 2273; x_wconf 84' lang='lat' dir='ltr'><strong>vel</strong></span> <span class='ocrx_word' id='word_1_106' title='bbox 200 2211 367 2273; x_wconf 86' lang='lat' dir='ltr'><strong>auxilium</strong></span> <span class='ocrx_word' id='word_1_107' title='bbox 386 2208 478 2272; x_wconf 88' lang='lat' dir='ltr'><strong>filius</strong></span> <span class='ocrx_word' id='word_1_108' title='bbox 501 2228 597 2272; x_wconf 89' lang='lat' dir='ltr'><strong>meus</strong></span> <span class='ocrx_word' id='word_1_109' title='bbox 622 2208 828 2273; x_wconf 88' lang='lat' dir='ltr'><strong>Lodowicus</strong></span> <span class='ocrx_word' id='word_1_110' title='bbox 854 2216 976 2273; x_wconf 88' lang='lat' dir='ltr'><strong>contra</strong></span> <span class='ocrx_word' id='word_1_111' title='bbox 1002 2209 1072 2274; x_wconf 89' lang='lat' dir='ltr'><strong>Ro-</strong></span> 
     </span>
     <span class='ocr_line' id='line_1_18' title="bbox 122 2307 1072 2390; baseline 0.001 -19"><span class='ocrx_word' id='word_1_112' title='bbox 122 2328 260 2371; x_wconf 82' lang='lat' dir='ltr'><strong>manain</strong></span> <span class='ocrx_word' id='word_1_113' title='bbox 293 2308 471 2371; x_wconf 89' lang='lat' dir='ltr'><strong>ecclesiam</strong></span> <span class='ocrx_word' id='word_1_114' title='bbox 502 2307 632 2390; x_wconf 90' lang='lat' dir='ltr'><strong>aliquid</strong></span> <span class='ocrx_word' id='word_1_115' title='bbox 666 2309 878 2386; x_wconf 88' lang='lat' dir='ltr'><strong>attentabit;</strong></span> <span class='ocrx_word' id='word_1_116' title='bbox 913 2317 1072 2372; x_wconf 76' lang='lat' dir='ltr'><strong>verunta-</strong></span> 
     </span>
     <span class='ocr_line' id='line_1_19' title="bbox 50 2406 1072 2490; baseline 0.005 -25"><span class='ocrx_word' id='word_1_117' title='bbox 50 2460 53 2465; x_wconf 91' lang='lat'><em>.</em></span> <span class='ocrx_word' id='word_1_118' title='bbox 123 2427 214 2482; x_wconf 89' lang='lat' dir='ltr'><strong>men,</strong></span> <span class='ocrx_word' id='word_1_119' title='bbox 229 2408 259 2469; x_wconf 91' lang='lat' dir='ltr'><strong>si</strong></span> <span class='ocrx_word' id='word_1_120' title='bbox 271 2406 332 2490; x_wconf 90' lang='lat' dir='ltr'><strong>jus</strong></span> <span class='ocrx_word' id='word_1_121' title='bbox 349 2406 487 2490; x_wconf 86' lang='lat' dir='ltr'><strong>aliquod</strong></span> <span class='ocrx_word' id='word_1_122' title='bbox 505 2408 569 2470; x_wconf 90' lang='lat' dir='ltr'><strong>sibi</strong></span> <span class='ocrx_word' id='word_1_123' title='bbox 590 2406 795 2470; x_wconf 88' lang='lat' dir='ltr'><strong>Lodowicus</strong></span> <span class='ocrx_word' id='word_1_124' title='bbox 814 2407 856 2468; x_wconf 90' lang='lat' dir='ltr'><strong>de</strong></span> <span class='ocrx_word' id='word_1_125' title='bbox 873 2427 979 2486; x_wconf 79' lang='lat' dir='ltr'><strong>regno</strong></span> <span class='ocrx_word' id='word_1_126' title='bbox 999 2407 1072 2470; x_wconf 82' lang='lat' dir='ltr'><strong>An-</strong></span> 
     </span>
     <span class='ocr_line' id='line_1_20' title="bbox 123 2505 1074 2587; baseline 0 -18"><span class='ocrx_word' id='word_1_127' title='bbox 123 2506 203 2587; x_wconf 84' lang='lat' dir='ltr'><strong>gliae</strong></span> <span class='ocrx_word' id='word_1_128' title='bbox 227 2507 399 2582; x_wconf 88' lang='lat' dir='ltr'><strong>vendicat,</strong></span> <span class='ocrx_word' id='word_1_129' title='bbox 429 2506 601 2581; x_wconf 80' lang='lat' dir='ltr'><strong>audiatur,</strong></span> <span class='ocrx_word' id='word_1_130' title='bbox 628 2513 662 2568; x_wconf 91' lang='lat' dir='ltr'><strong>et</strong></span> <span class='ocrx_word' id='word_1_131' title='bbox 685 2506 776 2587; x_wconf 92' lang='lat' dir='ltr'><strong>quod</strong></span> <span class='ocrx_word' id='word_1_132' title='bbox 803 2505 936 2587; x_wconf 90' lang='lat' dir='ltr'><strong>justum</strong></span> <span class='ocrx_word' id='word_1_133' title='bbox 970 2506 1074 2570; x_wconf 84' lang='lat' dir='ltr'><strong>suerit</strong></span> 
     </span>
     <span class='ocr_line' id='line_1_21' title="bbox 124 2603 1072 2687; baseline -0.001 -19"><span class='ocrx_word' id='word_1_134' title='bbox 124 2604 333 2669; x_wconf 88' lang='lat' dir='ltr'><strong>concedatur</strong></span> <span class='ocrx_word' id='word_1_135' title='bbox 349 2605 483 2668; x_wconf 63' lang='lat' dir='ltr'><strong>eidem!</strong></span> <span class='ocrx_word' id='word_1_136' title='bbox 521 2603 577 2668; x_wconf 83' lang='lat' dir='ltr'><strong>Ad</strong></span> <span class='ocrx_word' id='word_1_137' title='bbox 596 2604 671 2667; x_wconf 84' lang='lat' dir='ltr'><strong>hacc</strong></span> <span class='ocrx_word' id='word_1_138' title='bbox 689 2605 786 2667; x_wconf 85' lang='lat' dir='ltr'><strong>miles</strong></span> <span class='ocrx_word' id='word_1_139' title='bbox 802 2604 954 2685; x_wconf 89' lang='lat' dir='ltr'><strong>quidam,</strong></span> <span class='ocrx_word' id='word_1_140' title='bbox 971 2624 1072 2687; x_wconf 89' lang='lat' dir='ltr'><strong>quem</strong></span> 
     </span>
     <span class='ocr_line' id='line_1_22' title="bbox 125 2703 1073 2786; baseline -0.002 -19"><span class='ocrx_word' id='word_1_141' title='bbox 125 2703 331 2768; x_wconf 85' lang='lat' dir='ltr'><strong>Lodowicus</strong></span> <span class='ocrx_word' id='word_1_142' title='bbox 349 2712 606 2786; x_wconf 89' lang='lat' dir='ltr'><strong>procuratorem</strong></span> <span class='ocrx_word' id='word_1_143' title='bbox 625 2723 723 2767; x_wconf 91' lang='lat' dir='ltr'><strong>suum</strong></span> <span class='ocrx_word' id='word_1_144' title='bbox 742 2704 981 2778; x_wconf 84' lang='lat' dir='ltr'><strong>constituerat,</strong></span> <span class='ocrx_word' id='word_1_145' title='bbox 997 2723 1073 2766; x_wconf 87' lang='lat' dir='ltr'><strong>sur·</strong></span> 
     </span>
     <span class='ocr_line' id='line_1_23' title="bbox 125 2802 1073 2885; baseline -0.002 -18"><span class='ocrx_word' id='word_1_146' title='bbox 125 2823 221 2885; x_wconf 85' lang='lat' dir='ltr'><strong>gens,</strong></span> <span class='ocrx_word' id='word_1_147' title='bbox 232 2805 453 2867; x_wconf 84' lang='lat' dir='ltr'><strong>audientibus</strong></span> <span class='ocrx_word' id='word_1_148' title='bbox 465 2804 600 2865; x_wconf 88' lang='lat' dir='ltr'><strong>cunctis</strong></span> <span class='ocrx_word' id='word_1_149' title='bbox 612 2802 800 2885; x_wconf 90' lang='lat' dir='ltr'><strong>respondit,</strong></span> <span class='ocrx_word' id='word_1_150' title='bbox 817 2812 824 2836; x_wconf 90' lang='lat'>‘</span> <span class='ocrx_word' id='word_1_151' title='bbox 839 2803 987 2866; x_wconf 89' lang='lat' dir='ltr'><strong>Domine</strong></span> <span class='ocrx_word' id='word_1_152' title='bbox 999 2822 1073 2878; x_wconf 85' lang='lat' dir='ltr'><strong>rex,</strong></span> 
     </span>
     <span class='ocr_line' id='line_1_24' title="bbox 125 2901 1074 2984; baseline 0 -20"><span class='ocrx_word' id='word_1_153' title='bbox 125 2922 180 2966; x_wconf 83' lang='lat' dir='ltr'><strong>res</strong></span> <span class='ocrx_word' id='word_1_154' title='bbox 199 2904 379 2967; x_wconf 87' lang='lat' dir='ltr'><strong>notissima</strong></span> <span class='ocrx_word' id='word_1_155' title='bbox 401 2910 454 2965; x_wconf 92' lang='lat' dir='ltr'><strong>est</strong></span> <span class='ocrx_word' id='word_1_156' title='bbox 476 2901 646 2977; x_wconf 89' lang='lat' dir='ltr'><strong>omnibus,</strong></span> <span class='ocrx_word' id='word_1_157' title='bbox 669 2901 760 2984; x_wconf 90' lang='lat' dir='ltr'><strong>quod</strong></span> <span class='ocrx_word' id='word_1_158' title='bbox 785 2902 808 2966; x_wconf 87' lang='lat' dir='ltr'>J</span> <span class='ocrx_word' id='word_1_159' title='bbox 812 2903 978 2978; x_wconf 79' lang='lat' dir='ltr'><strong>ohanneS,</strong></span> <span class='ocrx_word' id='word_1_160' title='bbox 1001 2901 1074 2965; x_wconf 92' lang='lat' dir='ltr'><strong>dic·</strong></span> 
     </span>
     <span class='ocr_line' id='line_1_25' title="bbox 126 2999 1074 3084; baseline 0 -20"><span class='ocrx_word' id='word_1_161' title='bbox 126 3010 181 3064; x_wconf 88' lang='lat' dir='ltr'><strong>tus</strong></span> <span class='ocrx_word' id='word_1_162' title='bbox 207 3022 269 3066; x_wconf 86' lang='lat' dir='ltr'><strong>rex</strong></span> <span class='ocrx_word' id='word_1_163' title='bbox 293 3001 444 3082; x_wconf 84' lang='lat' dir='ltr'><strong>Angliae,</strong></span> <span class='ocrx_word' id='word_1_164' title='bbox 467 3020 531 3083; x_wconf 91' lang='lat' dir='ltr'><strong>pro</strong></span> <span class='ocrx_word' id='word_1_165' title='bbox 552 2999 697 3065; x_wconf 87' lang='lat' dir='ltr'><strong>Arthuri</strong></span> <span class='ocrx_word' id='word_1_166' title='bbox 722 3003 857 3084; x_wconf 88' lang='lat' dir='ltr'><strong>nepotis</strong></span> <span class='ocrx_word' id='word_1_167' title='bbox 882 3003 935 3064; x_wconf 92' lang='lat' dir='ltr'><strong>sui</strong></span> <span class='ocrx_word' id='word_1_168' title='bbox 961 3001 1074 3083; x_wconf 88' lang='lat' dir='ltr'><strong>prodi-</strong></span> 
     </span>
     <span class='ocr_line' id='line_1_26' title="bbox 126 3101 1075 3183; baseline 0 -20"><span class='ocrx_word' id='word_1_169' title='bbox 126 3102 231 3177; x_wconf 88' lang='lat' dir='ltr'><strong>tione,</strong></span> <span class='ocrx_word' id='word_1_170' title='bbox 249 3121 349 3183; x_wconf 84' lang='lat' dir='ltr'><strong>quem</strong></span> <span class='ocrx_word' id='word_1_171' title='bbox 373 3101 522 3182; x_wconf 88' lang='lat' dir='ltr'><strong>propriis</strong></span> <span class='ocrx_word' id='word_1_172' title='bbox 539 3102 699 3163; x_wconf 90' lang='lat' dir='ltr'><strong>manibus</strong></span> <span class='ocrx_word' id='word_1_173' title='bbox 722 3102 907 3178; x_wconf 86' lang='lat' dir='ltr'><strong>interemit,</strong></span> <span class='ocrx_word' id='word_1_174' title='bbox 925 3101 1075 3164; x_wconf 89' lang='lat' dir='ltr'><strong>incuria</strong></span> 
     </span>
     <span class='ocr_line' id='line_1_27' title="bbox 126 3200 1073 3283; baseline -0.001 -20"><span class='ocrx_word' id='word_1_175' title='bbox 126 3208 242 3264; x_wconf 88' lang='lat' dir='ltr'><strong>vestra</strong></span> <span class='ocrx_word' id='word_1_176' title='bbox 265 3220 327 3282; x_wconf 92' lang='lat' dir='ltr'><strong>per</strong></span> <span class='ocrx_word' id='word_1_177' title='bbox 345 3200 512 3283; x_wconf 92' lang='lat' dir='ltr'><strong>judicium</strong></span> <span class='ocrx_word' id='word_1_178' title='bbox 537 3200 670 3282; x_wconf 90' lang='lat' dir='ltr'><strong>parium</strong></span> <span class='ocrx_word' id='word_1_179' title='bbox 695 3218 837 3264; x_wconf 90' lang='lat' dir='ltr'><strong>suorum</strong></span> <span class='ocrx_word' id='word_1_180' title='bbox 861 3201 904 3262; x_wconf 90' lang='lat' dir='ltr'><strong>ad</strong></span> <span class='ocrx_word' id='word_1_181' title='bbox 928 3209 1073 3264; x_wconf 89' lang='lat' dir='ltr'><strong>mortem</strong></span> 
     </span>
     <span class='ocr_line' id='line_1_28' title="bbox 126 3299 1074 3381; baseline -0.001 -19"><span class='ocrx_word' id='word_1_182' title='bbox 126 3300 172 3363; x_wconf 89' lang='lat' dir='ltr'><strong>sit</strong></span> <span class='ocrx_word' id='word_1_183' title='bbox 205 3299 464 3375; x_wconf 88' lang='lat' dir='ltr'><strong>condemnatus,</strong></span> <span class='ocrx_word' id='word_1_184' title='bbox 499 3318 540 3361; x_wconf 91' lang='lat' dir='ltr'><strong>ac</strong></span> <span class='ocrx_word' id='word_1_185' title='bbox 577 3299 795 3381; x_wconf 91' lang='lat' dir='ltr'><strong>postmodum</strong></span> <span class='ocrx_word' id='word_1_186' title='bbox 833 3318 854 3360; x_wconf 97' lang='lat' dir='ltr'><strong>a</strong></span> <span class='ocrx_word' id='word_1_187' title='bbox 887 3299 1074 3361; x_wconf 90' lang='lat' dir='ltr'><strong>baronibus</strong></span> 
     </span>
     <span class='ocr_line' id='line_1_29' title="bbox 126 3396 1074 3481; baseline -0.002 -20"><span class='ocrx_word' id='word_1_188' title='bbox 126 3397 265 3480; x_wconf 81' lang='lat' dir='ltr'><strong>Angliae</strong></span> <span class='ocrx_word' id='word_1_189' title='bbox 295 3419 359 3481; x_wconf 88' lang='lat' dir='ltr'><strong>pro</strong></span> <span class='ocrx_word' id='word_1_190' title='bbox 385 3398 502 3461; x_wconf 89' lang='lat' dir='ltr'><strong>multis</strong></span> <span class='ocrx_word' id='word_1_191' title='bbox 531 3397 722 3461; x_wconf 89' lang='lat' dir='ltr'><strong>homicidiis</strong></span> <span class='ocrx_word' id='word_1_192' title='bbox 752 3405 787 3461; x_wconf 91' lang='lat' dir='ltr'><strong>et</strong></span> <span class='ocrx_word' id='word_1_193' title='bbox 811 3396 1074 3460; x_wconf 87' lang='lat' dir='ltr'><strong>enormitatibus</strong></span> 
     </span>
     <span class='ocr_line' id='line_1_30' title="bbox 127 3496 1074 3580; baseline -0.002 -20"><span class='ocrx_word' id='word_1_194' title='bbox 127 3497 214 3574; x_wconf 91' lang='lat' dir='ltr'><strong>aliis,</strong></span> <span class='ocrx_word' id='word_1_195' title='bbox 233 3516 320 3580; x_wconf 91' lang='lat' dir='ltr'><strong>quas</strong></span> <span class='ocrx_word' id='word_1_196' title='bbox 340 3498 465 3560; x_wconf 90' lang='lat' dir='ltr'><strong>ibidem</strong></span> <span class='ocrx_word' id='word_1_197' title='bbox 485 3496 626 3573; x_wconf 85' lang='lat' dir='ltr'><strong>fecerat,</strong></span> <span class='ocrx_word' id='word_1_198' title='bbox 648 3517 691 3560; x_wconf 89' lang='lat' dir='ltr'><strong>ne</strong></span> <span class='ocrx_word' id='word_1_199' title='bbox 716 3504 875 3578; x_wconf 81' lang='lat' dir='ltr'><strong>regnaret</strong></span> <span class='ocrx_word' id='word_1_200' title='bbox 897 3515 1001 3578; x_wconf 88' lang='lat' dir='ltr'><strong>super</strong></span> <span class='ocrx_word' id='word_1_201' title='bbox 1015 3516 1074 3560; x_wconf 90' lang='lat' dir='ltr'><strong>eos</strong></span> 
     </span>
     <span class='ocr_line' id='line_1_31' title="bbox 126 3596 1074 3679; baseline -0.001 -20"><span class='ocrx_word' id='word_1_202' title='bbox 126 3598 343 3679; x_wconf 85' lang='lat' dir='ltr'><strong>reprobatus,</strong></span> <span class='ocrx_word' id='word_1_203' title='bbox 374 3596 464 3659; x_wconf 89' lang='lat' dir='ltr'><strong>unde</strong></span> <span class='ocrx_word' id='word_1_204' title='bbox 485 3596 588 3659; x_wconf 91' lang='lat' dir='ltr'><strong>iidem</strong></span> <span class='ocrx_word' id='word_1_205' title='bbox 611 3597 759 3659; x_wconf 92' lang='lat' dir='ltr'><strong>barones</strong></span> <span class='ocrx_word' id='word_1_206' title='bbox 786 3615 930 3660; x_wconf 85' lang='lat' dir='ltr'><strong>werram</strong></span> <span class='ocrx_word' id='word_1_207' title='bbox 954 3603 1074 3658; x_wconf 89' lang='lat' dir='ltr'><strong>contra</strong></span> 
     </span>
     <span class='ocr_line' id='line_1_32' title="bbox 126 3694 1075 3779; baseline -0.002 -20"><span class='ocrx_word' id='word_1_208' title='bbox 126 3716 204 3759; x_wconf 90' lang='lat' dir='ltr'><strong>eum</strong></span> <span class='ocrx_word' id='word_1_209' title='bbox 224 3696 300 3779; x_wconf 91' lang='lat' dir='ltr'><strong>jam</strong></span> <span class='ocrx_word' id='word_1_210' title='bbox 323 3703 518 3770; x_wconf 83' lang='lat' dir='ltr'><strong>moverunt,</strong></span> <span class='ocrx_word' id='word_1_211' title='bbox 540 3703 581 3759; x_wconf 91' lang='lat' dir='ltr'><strong>ut</strong></span> <span class='ocrx_word' id='word_1_212' title='bbox 598 3695 711 3776; x_wconf 89' lang='lat' dir='ltr'><strong>ipsum</strong></span> <span class='ocrx_word' id='word_1_213' title='bbox 733 3713 755 3757; x_wconf 89' lang='lat' dir='ltr'><strong>a</strong></span> <span class='ocrx_word' id='word_1_214' title='bbox 776 3695 863 3759; x_wconf 89' lang='lat' dir='ltr'><strong>solio</strong></span> <span class='ocrx_word' id='word_1_215' title='bbox 888 3694 985 3775; x_wconf 83' lang='lat' dir='ltr'><strong>regni</strong></span> <span class='ocrx_word' id='word_1_216' title='bbox 1011 3694 1075 3757; x_wconf 93' lang='lat' dir='ltr'><strong>im·</strong></span> 
     </span>
     <span class='ocr_line' id='line_1_33' title="bbox 126 3792 1075 3877; baseline -0.002 -19"><span class='ocrx_word' id='word_1_217' title='bbox 126 3795 338 3858; x_wconf 84' lang='lat' dir='ltr'><strong>mutabiliter</strong></span> <span class='ocrx_word' id='word_1_218' title='bbox 360 3794 547 3877; x_wconf 89' lang='lat' dir='ltr'><strong>depellant.</strong></span> <span class='ocrx_word' id='word_1_219' title='bbox 601 3793 778 3858; x_wconf 83' lang='lat' dir='ltr'><strong>Praeterea</strong></span> <span class='ocrx_word' id='word_1_220' title='bbox 802 3814 863 3857; x_wconf 85' lang='lat' dir='ltr'><strong>rex</strong></span> <span class='ocrx_word' id='word_1_221' title='bbox 887 3813 980 3875; x_wconf 84' lang='lat' dir='ltr'><strong>saepe</strong></span> <span class='ocrx_word' id='word_1_222' title='bbox 1003 3792 1075 3856; x_wconf 87' lang='lat' dir='ltr'><strong>dic·</strong></span> 
     </span>
     <span class='ocr_line' id='line_1_34' title="bbox 126 3901 1076 3977; baseline -0.003 -20"><span class='ocrx_word' id='word_1_223' title='bbox 126 3901 196 3971; x_wconf 75' lang='lat' dir='ltr'><strong>tue,</strong></span> <span class='ocrx_word' id='word_1_224' title='bbox 225 3902 351 3977; x_wconf 83' lang='lat' dir='ltr'><strong>praeter</strong></span> <span class='ocrx_word' id='word_1_225' title='bbox 377 3913 555 3958; x_wconf 87' lang='lat' dir='ltr'><strong>assensum</strong></span> <span class='ocrx_word' id='word_1_226' title='bbox 588 3902 790 3973; x_wconf 82' lang='lat' dir='ltr'><strong>magnatum</strong></span> <span class='ocrx_word' id='word_1_227' title='bbox 815 3913 967 3968; x_wconf 88' lang='lat' dir='ltr'><strong>suorum,</strong></span> <span class='ocrx_word' id='word_1_228' title='bbox 997 3911 1076 3974; x_wconf 81' lang='lat' dir='ltr'><strong>reg-</strong></span> 
     </span>
     <span class='ocr_line' id='line_1_35' title="bbox 127 3991 1077 4075; baseline -0.002 -20"><span class='ocrx_word' id='word_1_229' title='bbox 127 4013 208 4055; x_wconf 90' lang='lat' dir='ltr'><strong>num</strong></span> <span class='ocrx_word' id='word_1_230' title='bbox 230 3992 371 4075; x_wconf 81' lang='lat' dir='ltr'><strong>Angliae</strong></span> <span class='ocrx_word' id='word_1_231' title='bbox 398 3993 536 4057; x_wconf 92' lang='lat' dir='ltr'><strong>domino</strong></span> <span class='ocrx_word' id='word_1_232' title='bbox 565 4012 666 4075; x_wconf 84' lang='lat' dir='ltr'><strong>papae</strong></span> <span class='ocrx_word' id='word_1_233' title='bbox 693 3993 841 4056; x_wconf 90' lang='lat' dir='ltr'><strong>contulit</strong></span> <span class='ocrx_word' id='word_1_234' title='bbox 863 3999 898 4056; x_wconf 87' lang='lat' dir='ltr'><strong>et</strong></span> <span class='ocrx_word' id='word_1_235' title='bbox 922 3991 1077 4055; x_wconf 84' lang='lat' dir='ltr'><strong>ecclesiae</strong></span> 
     </span>
     <span class='ocr_line' id='line_1_36' title="bbox 129 4090 1079 4174; baseline -0.003 -18"><span class='ocrx_word' id='word_1_236' title='bbox 129 4092 310 4170; x_wconf 81' lang='lat' dir='ltr'><strong>Romanae,</strong></span> <span class='ocrx_word' id='word_1_237' title='bbox 334 4093 515 4156; x_wconf 84' lang='lat' dir='ltr'><strong>utiterum</strong></span> <span class='ocrx_word' id='word_1_238' title='bbox 539 4090 624 4154; x_wconf 93' lang='lat' dir='ltr'><strong>illud</strong></span> <span class='ocrx_word' id='word_1_239' title='bbox 642 4093 809 4174; x_wconf 88' lang='lat' dir='ltr'><strong>reciperet</strong></span> <span class='ocrx_word' id='word_1_240' title='bbox 827 4093 871 4154; x_wconf 90' lang='lat' dir='ltr'><strong>ab</strong></span> <span class='ocrx_word' id='word_1_241' title='bbox 894 4091 943 4154; x_wconf 90' lang='lat' dir='ltr'><strong>eis</strong></span> <span class='ocrx_word' id='word_1_242' title='bbox 959 4099 1079 4155; x_wconf 85' lang='lat' dir='ltr'><strong>tenen·</strong></span> 
     </span>
     <span class='ocr_line' id='line_1_37' title="bbox 127 4188 1079 4255; baseline -0.003 -1"><span class='ocrx_word' id='word_1_243' title='bbox 127 4192 210 4254; x_wconf 91' lang='lat' dir='ltr'><strong>dum</strong></span> <span class='ocrx_word' id='word_1_244' title='bbox 233 4194 297 4255; x_wconf 93' lang='lat' dir='ltr'><strong>sub</strong></span> <span class='ocrx_word' id='word_1_245' title='bbox 323 4210 438 4255; x_wconf 91' lang='lat' dir='ltr'><strong>annuo</strong></span> <span class='ocrx_word' id='word_1_246' title='bbox 459 4192 588 4254; x_wconf 83' lang='lat' dir='ltr'><strong>tributo</strong></span> <span class='ocrx_word' id='word_1_247' title='bbox 612 4191 705 4253; x_wconf 90' lang='lat' dir='ltr'><strong>mille</strong></span> <span class='ocrx_word' id='word_1_248' title='bbox 730 4209 934 4255; x_wconf 89' lang='lat' dir='ltr'><strong>marcarum.</strong></span> <span class='ocrx_word' id='word_1_249' title='bbox 989 4188 1035 4252; x_wconf 85' lang='lat' dir='ltr'><strong>Et</strong></span> <span class='ocrx_word' id='word_1_250' title='bbox 1051 4188 1079 4251; x_wconf 89' lang='lat' dir='ltr'><strong>si</strong></span> 
     </span>
    </p>
   </div>
   <div class='ocr_carea' id='block_1_5' title="bbox 0 0 1506 5016">
    <p class='ocr_par' dir='ltr' id='par_1_5' title="bbox 0 0 1506 5016">
     <span class='ocr_line' id='line_1_38' title="bbox 0 0 1506 5016; baseline 0 0"><span class='ocrx_word' id='word_1_251' title='bbox 0 0 1506 5016; x_wconf 95' lang='lat' dir='ltr'><strong> </strong></span> 
     </span>
    </p>
   </div>
  </div>
 </body>
</html>
