2970 5016
390 471 456 537 loz
650 483 783 531 nocam
809 482 856 528 oa
879 480 1088 529 wnnoovaa

228 630 351 692 A·¹‘·¹²⁰⁰·
386 644 466 727 juro
491 662 566 716 suo,
594 649 629 705 ot
652 646 773 723 postea
796 639 931 722 juravit
956 640 987 701 ei
1014 638 1213 703 fidelitatem
1237 658 1346 720 super

230 703 334 742 Burialoi

229 753 302 800 Hugh,

228 802 275 841 bun
311 800 335 839 d

229 852 269 891 Lln
302 860 324 889 n.

390 762 526 807 crucem
547 741 710 816 Huberti,
731 738 991 802 cantuariensis
1015 738 1279 820 archiepiscopi,
1302 738 1346 802 dc

391 843 465 906 vita
482 849 516 905 et
535 839 694 904 membris
714 846 750 902 et
768 837 897 901 honoro
913 845 1062 913 terreno,
1080 845 1202 901 contra
1222 857 1345 902 omues

391 942 559 1016 homines,
588 958 704 1003 coram
728 937 862 1000 cunctis
884 938 1105 1018 magnatibus
1133 937 1242 1019 regni.
1297 938 1344 1000 Et

391 1033 526 1104 eodem¹
546 1038 602 1103 die
618 1037 788 1120 perlatum
807 1041 862 1099 est
878 1036 1003 1099 ibidem
1020 1055 1146 1118 corpus
1165 1036 1346 1100 sanctissi-

392 1140 439 1203 mi
458 1137 622 1220 Hugonis
638 1135 789 1219 episcopi
807 1134 1045 1198 tumulandum
1059 1155 1068 1213 3
1088 1136 1144 1199 cui
1160 1155 1343 1199 occurren-

394 1248 446 1303 tes
464 1258 562 1318 reges
581 1235 760 1299 memorati
778 1241 813 1297 et
834 1242 904 1297 tres
924 1234 1185 1317 archiepiscopi,
1203 1234 1345 1298 Huber-

393 1347 450 1403 tus
468 1337 628 1401 videlicet
644 1333 917 1409 Cantuariensis,
936 1332 1126 1397 Gausridus
1148 1334 1347 1398 Eboracen·

394 1437 442 1500 sis
465 1444 499 1500 et
517 1434 714 1499 Bernardus
736 1426 965 1513 ’Beguensis
987 1452 1065 1496 cum
1088 1433 1250 1496 tredecim
1272 1435 1346 1515 epi·

394 1537 522 1618 scopis,
551 1533 734 1599 comitibus
760 1541 796 1596 et
824 1531 1023 1609 baronibus,
1048 1540 1083 1596 et
1107 1532 1241 1597 clericis
1269 1532 1347 1595 inli-

394 1635 489 1711 nitis,
518 1653 644 1716 corpus
672 1631 927 1695 sanctissimum
956 1639 1210 1714 susceperuut3
1251 1632 1345 1713 quod

394 1734 461 1816 ipsi
487 1753 587 1815 reges
610 1751 688 1795 cum
711 1731 895 1794 comitibus
917 1737 952 1793 et
972 1731 1108 1793 caeteris
1130 1730 1345 1814 principibus

393 1839 621 1914 portaverunt
652 1831 689 1893 in
720 1829 871 1893 humeris
901 1829 974 1892 suis
1004 1848 1113 1912 usque
1141 1829 1184 1893 ad
1217 1831 1345 1894 atrium

395 1932 603 1996 cathedralis
618 1930 785 1994 ecclesiae.
838 1926 893 1991 Ad
913 1929 1038 1991 ostium
1056 1937 1172 1992 autem
1189 1929 1347 1993 ecclesiae

394 2038 621 2113 susceperunt
651 2028 737 2091 illud
769 2027 1018 2109 archiepiscopi
1044 2028 1182 2109 praefati
1211 2037 1247 2092 ct
1274 2029 1348 2110 epi-

394 2130 504 2210 scopi,
522 2137 557 2193 et
575 2130 625 2191 sic
647 2146 709 2208 per
730 2127 957 2191 ministerium
981 2126 1204 2209 praelatorum
1230 2128 1348 2210 perla-

395 2235 467 2291 tum
497 2235 683 2308 estusque
710 2225 864 2302 chorum,
893 2225 951 2289 ubi
977 2233 1031 2289 est
1056 2225 1241 2291 honorifice
1265 2247 1345 2310 per-

395 2332 585 2389 noctatum.
625 2324 767 2388 Solebat
782 2332 897 2388 autem
915 2325 1073 2406 pontifex
1091 2333 1245 2402 sanctus
1263 2326 1346 2390 dum

396 2425 540 2502 viveret,
565 2425 600 2488 in
623 2424 769 2487 mortuis
791 2423 996 2506 sepeliendis
1016 2431 1087 2487 tam
1111 2423 1258 2507 diligens
1281 2425 1347 2488 hu-

396 2525 573 2588 manitatis
590 2522 740 2588 officium
761 2523 936 2598 exhihere,
959 2531 999 2586 ut
1016 2523 1149 2586 nullum
1171 2531 1348 2587 mortuum

395 2625 600 2706 praeteriret,
639 2623 739 2705 cujus
783 2622 971 2704 sepulturae
1014 2622 1242 2687 ministerium
1279 2624 1347 2686 sibi

395 2732 594 2806 competens
615 2723 812 2799 videretur3
844 2720 936 2785 unde
959 2721 1142 2799 Dominus,
1164 2724 1224 2804 qui
1247 2724 1346 2786 novit

396 2824 622 2887 retributione
661 2821 833 2902 condigna
865 2820 1040 2904 justorum
1077 2823 1201 2885 merita
1232 2840 1348 2885 remu-

396 2941 529 2998 nerare,
562 2929 633 2985 tam
670 2920 903 2984 honorabilem
937 2919 968 2983 ci
1001 2920 1159 2984 exhibuit
1192 2922 1349 3003 sepultu-

397 3039 483 3096 ram,
514 3027 554 3083 ut
571 3019 752 3082 ¹honorem
784 3019 882 3082 illum
915 3020 1116 3084 retribuisse
1144 3020 1347 3103 supradicto

397 3118 519 3181 merito
547 3117 718 3181 videatur.
771 3116 865 3182 Ante
890 3137 975 3181 sane
1001 3118 1067 3181 viri
1097 3120 1165 3182 Dei
1191 3120 1348 3200 sepultu-

396 3236 482 3293 ram,
508 3218 589 3280 dum
613 3236 676 3298 pro
707 3236 748 3280 eo
772 3218 929 3298 exequiae
957 3225 1170 3281 mortuorum
1202 3237 1349 3300 ageren-

397 3322 454 3378 tur
484 3324 519 3378 et
550 3317 624 3397 ipse
657 3336 751 3379 moro
781 3316 982 3398 pontificum
1013 3317 1232 3399 discooperta
1259 3317 1348 3381 facie

391 3415 536 3497 jaceret,
558 3416 696 3479 mitram
719 3416 849 3479 habens
871 3416 1051 3498 incapite,
1071 3416 1287 3480 chirothecas
1310 3419 1346 3480 in

396 3516 564 3589 manibus,
591 3516 754 3578 annulum
777 3516 813 3577 in
835 3514 958 3596 digito,
978 3534 1056 3578 cum
1073 3516 1209 3580 caeteris
1231 3517 1346 3598 ponti·

395 3614 552 3677 ficalibus
591 3615 815 3690 ornamentis,
853 3614 951 3677 miles
990 3615 1130 3696 quidam
1169 3616 1347 3679 canonicis

432 3792 542 3839 'Eodem
552 3790 614 3853 dia]
633 3791 755 3839 Hoveden
766 3806 825 3851 says
836 3791 857 3839 it
884 3791 903 3839 it
925 3793 948 3840 is
970 3807 1032 3853 very
1051 3793 1205 3855 improbable
1223 3792 1279 3843 that
1295 3809 1346 3855 any

395 3875 449 3909 was
460 3876 492 3908 on
505 3861 545 3908 the
560 3860 603 3908 oth
615 3859 644 3907 of
652 3859 693 3908 the
712 3860 819 3909 kalende
831 3861 859 3908 ol
883 3862 1034 3924 archbishop
1045 3862 1074 3911 ol'
1088 3864 1202 3925 Rugum
1216 3862 1258 3912 the
1276 3879 1349 3912 near·

395 3929 537 3978 December
553 3928 597 3993 (23
609 3926 699 3989 Νον.),
715 3945 740 3989 p.
752 3934 809 3978 sla.
882 3935 921 3978 est
943 3946 1016 3980 name
1039 3936 1065 3981 to
1083 3933 1126 3981 the
1149 3932 1232 3990 Latin,
1254 3933 1347 3982 should

429 3995 628 4062 ’Ragueatia.]
660 4000 694 4046 So
723 3999 856 4060 Hoveden,
882 4000 946 4048 have
970 4002 1033 4050 been
1061 4001 1120 4051 here
1149 4006 1176 4050 at
1198 4002 1253 4051 that
1275 4004 1346 4053 nme.

393 4068 451 4116 who
468 4069 618 4117 substitutos
637 4067 676 4116 lor
692 4067 812 4130 Geoffrey
830 4069 858 4116 ol
880 4069 961 4117 There
983 4085 1051 4119 wore
1081 4072 1217 4132 Bemards,
1244 4072 1346 4120 archbi-

392 4137 474 4197 Yorlr,
484 4138 563 4195 John,
576 4137 727 4198 archhishop
739 4137 768 4185 of
782 4139 854 4187 Duh·
880 4138 958 4199 shops
971 4140 1000 4188 ol
1013 4140 1112 4202 Reggio
1129 4141 1180 4189 aud
1197 4141 1346 4203 Narbonae,

392 4205 437 4255 lin.
450 4207 514 4255 who
522 4207 545 4256 is
553 4206 672 4256 intended
681 4208 855 4269 by‘llagueu-
880 4208 906 4256 iu
917 4208 960 4257 the
973 4209 1088 4258 elevcuth
1100 4214 1215 4272 century,
1226 4211 1273 4259 hut
1283 4211 1344 4260 both

392 4275 550 4337 sis'appears
557 4276 853 4339 difficulttodetermine;
865 4322 868 4329 ,
879 4278 940 4326 died
951 4278 1035 4328 before
1047 4283 1121 4329 12⁰0.
