2970 5016
372 482 511 530 neonus
536 483 807 532 nrsronrnnun.
1022 466 1067 530 37

114 638 257 702 evitare.
320 638 451 703 Eodem
477 658 568 704 anno
596 639 755 705 Clemens
781 658 885 722 papa,
908 658 986 702 cnm
1011 658 1065 702 se·
1079 653 1202 694 sunu·

112 736 220 801 disset
237 730 345 800 ¹auno
364 757 434 802 uno
452 746 488 802 et
505 740 680 804 mensibus
699 740 845 815 dnobus,
864 738 953 801 diem
971 737 1067 803 clan-

10 895 12 902 ,
112 837 159 899 sit
181 843 387 913 extremum,
407 838 464 901 cni
486 840 653 903 successit
675 838 894 915 Caelestinus,
917 837 976 920 qni
1001 856 1065 900 an·

111 940 169 998 tea
186 933 385 1016 Hyacintns
400 937 603 1001 vocabatur.

138 1106 181 1171 Ut
195 1128 250 1171 raa
265 1108 465 1172 Francorum
481 1107 655 1193 Phihppaa
670 1116 699 1172 et
713 1129 767 1172 rea
787 1107 962 1194 duplorum
981 1109 1043 1174 Ri-

208 1205 345 1271 cbardas
359 1207 449 1292 apud
460 1209 641 1272 Messanam
656 1228 748 1272 aava
759 1207 963 1272 ascenderint.

177 1327 306 1392 Eodem
337 1349 441 1407 anno,
473 1338 599 1413 quarto
631 1328 798 1394 kalendas
827 1327 972 1411 Aprilis,
1001 1350 1063 1395 rex
1077 1347 1171 1387 nemu

112 1425 324 1491 Francorum
348 1429 441 1512 apud
469 1430 670 1494 Messanam
701 1447 808 1493 naves
831 1428 988 1493 ascendit
1010 1438 1063 1494 at·
1076 1396 1190 1488 ihi?

110 1544 177 1607 que
194 1545 314 1590 versus
332 1527 615 1612 Hierosolymam
633 1528 692 1592 via
714 1534 809 1591 recta
826 1527 906 1591 vela
922 1526 1061 1592 direxit.

110 1623 191 1688 Rex
205 1645 288 1690 vero
306 1625 514 1705 Richardus,
527 1635 652 1710 quarto
669 1625 747 1690 idus
760 1624 893 1708 Aprilis
909 1626 947 1689 in
963 1645 1061 1708 mag-

110 1740 156 1785 na
182 1724 294 1805 gloria
313 1726 409 1789 illum
434 1734 586 1803 secutus,
609 1725 729 1790 habuit
751 1726 788 1788 in
810 1725 977 1790 comitatu
999 1746 1063 1790 suo

110 1822 272 1886 tredecim
295 1825 423 1889 buccas
445 1824 573 1908 triplici
592 1824 748 1889 velorum
770 1825 985 1906 expansione
1004 1845 1063 1889 ve·

109 1920 267 1998 lificatas,
285 1921 407 1987 babuit
423 1932 592 2005 praeterea
607 1931 745 1987 centum
763 1942 870 1986 naves
885 1924 1062 1988 onerarias

110 2027 145 2083 et
158 2020 413 2104 qninquaginta
430 2023 561 2104 galeias
579 2023 756 2101 triremes;
785 2021 846 2104 qni
862 2023 954 2086 circa
970 2022 1061 2086 diem

109 2118 312 2200 vigesimum
335 2120 485 2186 Rhodon
507 2121 654 2186 insulam
677 2121 888 2201 subintrans,
908 2120 1061 2185 decursis

110 2216 230 2282 diebus
252 2219 382 2297 decem,
397 2221 491 2303 apnd
509 2220 662 2304 Cyprum
677 2219 857 2302 applicuit.
910 2213 1060 2285 'Cursac

109 2323 225 2380 antem
247 2317 405 2383 dominus
427 2318 563 2398 insnlae,
585 2320 646 2402 qui
668 2338 706 2383 se
732 2319 974 2401 imperatorem
996 2339 1059 2384 no-

110 2416 267 2493 minavit,
294 2418 331 2481 in
361 2437 466 2482 manu
489 2418 570 2483 forti
592 2426 627 2482 et
656 2424 791 2482 armata
820 2418 893 2499 regi
922 2425 1059 2500 portum

110 2515 344 2596 prohibiturus
368 2513 529 2595 occurrit,
553 2525 588 2582 et
610 2516 765 2580 homines
791 2516 981 2598 naufragos
1005 2538 1059 2581 ra·

111 2614 164 2694 gis
182 2616 453 2697 quamplurimos
471 2617 574 2699 cepit,
597 2616 761 2699 spoliavit
776 2623 812 2679 et
831 2617 866 2679 in
888 2634 1059 2679 carcerem

110 2712 200 2776 fame
237 2714 408 2796 perituros
440 2716 609 2795 reclusit3
643 2714 733 2778 unde
767 2733 831 2777 rex
863 2712 1059 2793 Anglorum

110 2811 312 2893 magnificus
345 2815 398 2878 ira
428 2833 614 2879 succensus
645 2814 722 2876 iniit
750 2831 828 2875 cnm
857 2811 957 2875 hoste
983 2811 1058 2895 jam

110 2908 203 2974 dicto
228 2930 463 2994 congressum,
481 2934 503 2977 e
521 2934 590 2996 quo
606 2912 767 2976 festinam
787 2910 934 2992 adeptus
951 2910 1060 2974 victo-

110 3008 197 3071 riam
219 3009 331 3092 ipsum
347 3013 475 3076 victum
494 3020 529 3076 et
550 3013 704 3076 vinctum
725 3010 879 3086 retinuit,
897 3016 933 3073 et
953 3008 1059 3074 iiham

110 3106 186 3190 ejns
213 3110 351 3173 unicam
373 3118 552 3194 totamque
575 3109 683 3193 Cypri
709 3108 858 3172 insulam
885 3128 963 3172 cum
984 3109 1059 3172 uui·

110 3206 219 3269 versis
245 3209 495 3273 munitionibus
517 3228 590 3272 snae
614 3208 768 3272 subdidit
793 3207 928 3271 ditioni.
974 3206 1059 3271 Cur·

110 3322 170 3367 sao
186 3324 264 3368 cum
286 3326 368 3389 rege
384 3315 525 3389 pactum
541 3307 631 3382 iniit,
651 3326 695 3369 ne
711 3306 830 3370 ferreis
848 3305 1060 3371 detineretur

111 3403 147 3464 in
176 3403 336 3482 vinculis,
366 3406 459 3488 quod
489 3425 552 3469 rex
585 3412 725 3488 pactum
759 3406 946 3468 observans
979 3424 1057 3468 eum

110 3502 331 3583 compedibus
352 3504 433 3568 fecit
453 3505 581 3569 arctari
603 3503 778 3584 argenteis
800 3510 836 3566 et
858 3502 895 3565 in
916 3502 1059 3566 castello

108 3618 216 3681 prope
245 3601 425 3684 Tripolim,
451 3603 544 3686 quod
577 3602 742 3683 Mar-geth
770 3601 978 3685 appellatur,
1005 3620 1059 3664 re·

108 3698 202 3761 trudi
224 3702 411 3783 praecepit;
434 3700 539 3765 filiam
568 3709 684 3766 antem
707 3699 783 3783 ejus
805 3698 958 3776 retinnit,
980 3718 1059 3762 cum

145 3869 233 3922 ¹Aauo
239 3889 286 3923 nno
293 3881 317 3924 et
328 3876 450 3925 mbae
459 3876 571 3939 dunin]
632 3872 642 3903 ¹
655 3870 779 3942 Carne]
796 3874 850 3922 'l'he
861 3878 969 3924 account
979 3873 1006 3921 in
1016 3872 1059 3921 the

107 3940 223 3991 clement
245 3944 298 3992 111.
315 3959 370 3994 was
392 3960 458 4007 pope
479 3946 572 4007 during
598 3948 652 3994 text
663 3944 709 3993 has
721 3945 784 3992 been
796 3942 946 3992 tukenirom
958 3942 1059 3991 Diceto.

107 4009 177 4060 three
199 4027 274 4072 years
298 4014 349 4062 and
371 4015 442 4064 three
465 4015 572 4065 months.
598 4014 639 4074 By
648 4012 829 4062 Benedictnnd
838 4010 961 4060 Hoveden
978 4010 1061 4060 ‘Cur-

109 4078 159 4128 llis
170 4094 302 4131 successor
313 4083 442 4133 celestino
451 4084 572 4134 lll.died
598 4078 649 4132 snc'
666 4083 689 4131 is
705 4081 787 4131 called
805 4082 889 4142 isaac,
904 4094 1019 4141 emperor
1034 4079 1063 4129 oi

108 4147 263 4212 inJunuary
277 4156 350 4203 llas.
599 4152 710 4213 Cyprus,
725 4166 752 4212 p.
769 4154 826 4201 aas.
863 4150 912 4200 Sea
926 4150 981 4200 also
999 4149 1061 4198 Viu-

599 4221 772 4282 normale.
