2970 5016
449 420 601 506 'smnus
628 459 898 511 rnsrorunnuu.
1113 451 1156 515 19

333 663 383 727 De
397 662 527 727 irueritu
542 663 723 728 Jodaeorom
737 664 772 727 iu
785 664 917 730 diones
932 664 1016 731 locis.
1057 721 1060 727 .

251 785 382 852 Eodem
415 806 506 852 anno
532 788 644 864 multi,
671 808 733 870 per
759 788 925 871 Anglium
951 790 1288 876 Hierosoly-nnus.

201 906 291 951 mem
307 895 544 970 properantes,
563 888 658 970 prius
676 881 728 950 ¹in
741 887 764 951 J
766 888 885 954 udaeos
903 890 1081 973 insurgere
1097 893 1153 959 de-
1165 865 1304 957 lidillll

200 993 406 1065 creverunt;
435 987 458 1051 J
462 986 553 1050 udoei
574 987 693 1068 igitur,
716 994 889 1070 quotquot
907 989 1039 1055 inventi
1058 1002 1152 1069 sunt,

201 1086 236 1148 in
268 1085 426 1151 domibus
460 1086 610 1170 propriis
639 1087 732 1167 apud
760 1086 959 1152 Norwicum
989 1091 1153 1157 trucidati

200 1194 295 1261 sunt,
319 1185 461 1267 quidem
487 1204 569 1249 vero
594 1185 789 1250 babuerunt
816 1186 986 1269 refugium
1010 1189 1055 1254 ed
1075 1210 1152 1257 css·

200 1284 331 1349 tellum.
378 1284 513 1350 Deinde
527 1285 628 1350 nonis
647 1284 768 1349 Martii
782 1287 875 1367 spud
889 1286 1054 1353 stanford
1069 1298 1152 1354 tem·

200 1404 284 1467 pore
306 1385 537 1451 nundinarum
563 1382 663 1448 multi
691 1385 888 1466 perierunt;
920 1386 1003 1451 item
1029 1389 1151 1470 quinto

200 1484 333 1548 decimo
368 1482 535 1549 kalendas
567 1482 701 1566 Aprilis
736 1483 829 1566 opud
863 1494 1024 1550 sanctum
1060 1487 1152 1553 End·

200 1583 366 1649 mundum
381 1583 635 1666 quinquaginta
649 1590 781 1665 septem
793 1584 950 1667 jugulati
966 1585 1149 1667 dicuntur3

200 1684 331 1766 itaque,
354 1684 561 1765 ubicumque
586 1683 713 1764 reperti
735 1691 817 1748 sunt
841 1683 865 1747 J
868 1683 969 1761 udaei,
991 1686 1150 1751 manibus

200 1783 531 1864 crucesignatorum
555 1781 709 1865 percussi
728 1790 824 1860 sunt,
843 1790 971 1866 praeter
989 1785 1068 1851 illos
1091 1787 1152 1868 qui

199 1882 459 1965 municipalium
493 1881 653 1965 praesidio
684 1884 880 1947 tuebuntur.
932 1883 1000 1947 Sed
1033 1903 1151 1951 necem

200 1981 404 2046 Judoeorum
436 1990 508 2047 tam
546 1980 758 2046 exitiabilem
789 1975 892 2047 'viris
922 1983 1150 2065 prudentibus

199 2082 371 2164 placuisse
388 2080 595 2146 credendum
624 2099 692 2145 non
710 2088 776 2156 est,
798 2101 877 2145 cnm
901 2083 1069 2164 scriptum
1091 2084 1150 2160 sit,

200 2180 278 2245 ‘Ne
293 2180 431 2245 occidas
456 2199 528 2257 eos,
553 2179 736 2262 nequando
759 2180 1010 2245 obliviscuntur
1032 2183 1152 2266 populi

199 2280 288 2343 mei'

234 2456 284 2520 De
297 2455 419 2521 Jodaeu
431 2453 521 2539 apud
533 2450 710 2518 Eboracum
726 2448 918 2515 mirabiliter
931 2450 1109 2534 intersectis.

249 2578 380 2644 Eodem
402 2597 495 2643 anno
513 2583 667 2658 tempore
685 2573 999 2655 Qnedmgesimnli
1017 2573 1149 2638 decimo
1161 2592 1279 2692 mq-

198 2681 345 2762 septimo
360 2677 521 2742 videlicet
543 2674 711 2739 kalendas
731 2672 876 2756 Aprilis,
900 2666 1035 2736 ³Judeei
1057 2672 1148 2737 Ebo·
1162 2694 1227 2734 roi.

199 2778 351 2842 recensis
387 2776 553 2853 civitatis,
586 2792 729 2838 numero
768 2771 960 2854 quingenti,
991 2771 1148 2853 exceptis

199 2878 355 2961 parvulis
372 2896 414 2940 uc
434 2876 647 2951 mulieribus,
667 2873 828 2937 timentes
846 2871 1011 2952 impetum
1029 2869 1148 2935 Chris-

200 2980 383 3054 denorum,
416 2975 506 3040 infru
538 2973 660 3039 turrim
689 2971 854 3047 civitatis,
881 2988 1027 3033 assensu
1054 2969 1147 3034 vice·

197 3078 335 3143 comitis
357 3083 394 3140 et
418 3072 599 3139 castellani
620 3073 728 3156 ipsius
751 3071 869 3146 turris,
898 3088 974 3134 sese
999 3069 1147 3135 incluse·

199 3186 308 3255 runt3
343 3195 448 3259 quum
482 3193 561 3239 cum
594 3170 755 3237 custodes
784 3169 1003 3251 repetissent,
1031 3168 1147 3233 Jndsei

197 3297 273 3341 eem
285 3276 426 3339 reddere
443 3275 639 3338 noluerunt.
693 3269 742 3335 At
759 3268 828 3332 illis
844 3269 1010 3334 insultum
1024 3268 1060 3331 in
1074 3276 1147 3333 tur·

199 3378 262 3440 rim
288 3375 495 3440 facientibus
520 3372 640 3436 diebus
664 3378 700 3433 et
724 3369 895 3445 noctibus,
912 3367 935 3431 J
940 3368 1028 3433 udsei
1051 3368 1087 3431 in
1109 3388 1148 3434 se

198 3477 327 3541 reversi
355 3473 554 3539 obtulerunt
582 3471 765 3554 pecuniam
794 3486 955 3548 magnam
985 3485 1048 3548 pro
1074 3467 1149 3531 vitu

231 3685 392 3736 ¹ansdoeor
408 3684 534 3745 insurgere
551 3683 662 3730 decreue-
721 3676 814 3726 'Viris
844 3675 1005 3740 pandentibus
1030 3674 1149 3738 punisse

193 3759 275 3822 rust]
290 3756 345 3805 The
356 3753 444 3805 neck
456 3767 524 3814 upon
535 3752 577 3800 tbe
588 3751 661 3801 Jews
685 3749 827 3797 uedndm
838 3761 885 3794 nos
894 3740 955 3815 ere]
982 3744 1104 3807 Compare
1121 3746 1148 3794 S.

192 3825 354 3877 commenced
377 3830 404 3873 ut
426 3822 523 3884 Lynne,
546 3820 596 3870 sud
618 3818 661 3869 the
687 3817 822 3866 Bernord's
844 3815 940 3878 letters,
958 3818 1015 3875 tbi,
1034 3817 1098 3873 θῶς
1122 3815 1148 3862 in

192 3897 384 3958 exemplem
406 3891 525 3942 followed
544 3894 572 3938 st
594 3889 660 3939 Nor·
685 3887 746 3937 edit.
758 3890 830 3937 1⁶0⁰.

192 3967 270 4028 wien,
291 3963 427 4023 stamford,
453 3962 525 4022 Bury
547 3960 584 4009 St.
608 3960 660 4009 Ed-
719 3953 821 4005 'Judoei
838 3952 998 4003 Eborucenris
1014 3951 1148 4015 civitatis]

192 4037 301 4095 mund's,
320 4034 426 4083 lincoln
442 4031 492 4080 und
512 4030 599 4089 York;
617 4044 659 4078 see
683 4026 737 4075 The
755 4025 864 4075 semilies
879 4023 909 4071 ol
923 4022 1078 4070 Benedictus
1098 4021 1148 4070 sud

193 4102 418 4168 Newburssb,wbo
424 4101 517 4150 details
524 4098 595 4148 these
602 4103 659 4149 out·
683 4096 787 4156 locens,
805 4099 856 4143 two
866 4090 978 4152 wesllhy
989 4091 1070 4152 Jews,
1082 4106 1149 4140 were

191 4192 267 4239 rupes
277 4181 303 4224 ut
314 4173 412 4235 length,
423 4172 457 4220 iv.
470 4167 484 4236 ξ
495 4173 565 4219 7-11.
683 4164 725 4214 the
748 4165 801 4214 first
821 4170 846 4212 to
869 4162 963 4222 suffen
988 4160 1148 4225 Newbnrgb,

682 4235 778 4297 intll.

997 4320 1045 4367 cl
