2970 5016
354 461 420 525 126
608 474 742 524 aoosru
766 476 813 524 ou
836 473 1045 525 wnuoovun

190 647 314 687 nosse
349 633 531 716 judicium,
556 631 673 694 salvus
698 630 804 694 fiam.'
856 629 993 694 Placuit
1027 628 1091 692 hoc
1123 629 1305 709 consilium

353 731 535 806 universis,
562 729 663 793 salva
693 749 829 812 semper
862 728 927 791 sibi
960 726 1143 792 clementia
1174 726 1306 804 divina,

351 848 429 911 quae
444 849 561 893 omnes
578 830 710 892 servari
721 827 893 890 desiderat
905 833 941 891 et
953 828 1121 890 neminem
1132 826 1209 889 vult
1225 846 1304 907 per-

351 928 413 992 ire.
465 927 564 990 Tunc
591 928 786 1008 episcopus,
814 925 1032 989 audientibus
1057 925 1202 1001 cunctis,
1224 942 1302 988 cum

351 1025 483 1108 ingenti
517 1044 665 1089 moerore
699 1025 913 1105 recognovit,
952 1022 1112 1104 qualiter,
1147 1023 1303 1105 expulsis

351 1123 529 1188 monachis
548 1124 878 1199 Conventrensibus,
895 1122 938 1184 ad
955 1121 1131 1185 cumulum
1148 1121 1301 1184 omnium

351 1223 520 1286 malorum
546 1223 582 1285 in
609 1223 685 1285 loco
713 1241 830 1285 eorum
855 1220 1065 1301 irreligiosos
1089 1220 1232 1283 clericos
1250 1219 1302 1282 in·

350 1321 529 1400 troduxit;
561 1319 605 1383 ad
631 1320 730 1404 cujus
758 1320 883 1402 flagitii
909 1318 1180 1383 satisfactionem
1208 1318 1301 1381 aliud

350 1438 460 1499 genus
490 1419 713 1484 correctionis
745 1438 814 1483 non
847 1418 991 1494 invenit,
1022 1418 1089 1481 nisi
1117 1428 1301 1481 uteorum

350 1517 472 1582 habitu
499 1519 606 1583 vitam
635 1518 760 1594 finiret,
792 1519 829 1581 in
860 1535 948 1598 quos
979 1515 1150 1579 diabolico
1176 1516 1301 1598 spiritu

349 1618 562 1698 exagitatus,
583 1617 664 1680 dum
683 1617 808 1699 potuit,
825 1615 1100 1698 persecutionem
1120 1614 1300 1692 excitavit,

350 1715 544 1779 mendicare
561 1716 687 1796 coegit,
704 1723 871 1796 quantum
888 1714 925 1777 in
949 1733 987 1777 se
1003 1714 1084 1776 'erat
1106 1712 1186 1776 odio
1208 1732 1299 1776 mor·

349 1813 413 1877 tali
429 1813 577 1893 afflixit3
607 1814 727 1896 sicque
744 1833 822 1877 cum
842 1831 969 1894 magno
987 1811 1119 1895 ejulatu
1138 1812 1300 1877 abbatem

351 1912 467 1989 Becci,
496 1911 556 1995 qui
582 1913 674 1975 inter
698 1913 842 1976 'cesteros
867 1912 1000 1987 aderat,
1026 1911 1215 1992 deprecans
1237 1911 1299 1974 ad-

345 2009 491 2092 juravit,
523 2018 696 2092 quatenus
728 2012 856 2075 intuitu
891 2010 1061 2086 caritatis,
1094 2010 1139 2073 ad
1169 2009 1298 2074 diaboli

349 2107 595 2185 confusionem,
621 2109 776 2172 habitum
804 2109 871 2173 sibi
896 2108 1099 2174 concederet
1124 2109 1301 2173 monachi·

348 2205 428 2282 lem,
450 2213 490 2270 ut
514 2206 593 2270 illos
615 2207 757 2271 haberet
783 2215 950 2290 patronos
971 2207 1008 2270 in
1030 2206 1148 2271 seculo
1169 2208 1299 2283 futuro,

350 2323 437 2386 quos
466 2313 667 2387 persecutus
696 2306 811 2370 fuerat
840 2307 877 2370 in
907 2306 973 2370 hoc
1003 2306 1141 2369 mundo.
1194 2305 1299 2384 Quod

346 2422 425 2466 cum
442 2404 621 2486 impletum
643 2405 777 2481 tirisset,
800 2405 915 2469 omnia
937 2424 1015 2487 quae
1036 2402 1236 2486 possidebat
1258 2405 1296 2469 in

345 2521 431 2566 auro
458 2510 493 2566 et
520 2510 678 2585 argento,
706 2503 743 2566 in
766 2506 909 2585 gemmis
936 2511 971 2566 et
1001 2503 1094 2567 vasis
1122 2504 1295 2584 pretiosis,

345 2599 502 2666 domibus
521 2603 693 2684 religiosis
712 2610 747 2667 et
769 2602 977 2684 pauperibus
994 2601 1164 2682 erogavit,
1190 2603 1295 2666 etsie

345 2699 382 2763 in
396 2720 457 2783 spe
472 2702 563 2765 bona
579 2702 732 2765 omnium
749 2698 991 2765 adsistentium
1009 2706 1045 2763 et
1060 2699 1139 2782 jugi
1156 2698 1295 2783 lachry-

344 2817 477 2863 marum
494 2800 659 2864 effusione
676 2800 743 2863 fine
762 2801 939 2882 insperato
956 2798 1100 2883 quievit.

394 2970 443 3033 De
459 2969 645 3034 rwocatione
660 2979 818 3034 conventus
835 2970 962 3034 ecclesia
979 2972 1207 3037 Oonoontmeis
1220 2981 1248 3036 et

630 3068 803 3151 speum
818 3069 1008 3134 clericorum.

409 3187 615 3253 Merebatur
642 3209 684 3254 ea
714 3198 920 3275 tempestate
948 3193 986 3255 in
1013 3191 1111 3255 curia
1136 3191 1299 3256 Romana

212 3274 295 3363 viam.
346 3287 536 3350 monachus
559 3288 699 3370 quidam
722 3288 991 3353 conventrensis
1015 3291 1176 3367 coenobii,
1200 3290 1296 3354 Tho·

345 3405 420 3449 mas
441 3387 588 3464 nomine,
615 3389 676 3469 qui
701 3390 745 3452 ab
771 3389 933 3471 episcopo
957 3389 1104 3470 praefato
1129 3409 1208 3454 cum
1229 3407 1297 3452 coe·

344 3486 428 3548 teris
445 3485 609 3551 fratribus
627 3488 805 3570 expulsus,
824 3495 863 3551 ut
882 3488 1041 3570 superius
1062 3487 1209 3552 relatum
1232 3496 1295 3562 est,

343 3585 531 3648 monachos
570 3587 838 3671 circumquaque
870 3586 1043 3668 dispersos
1079 3585 1182 3649 simul
1219 3606 1297 3651 cum

344 3684 501 3748 coenobio
524 3685 731 3749 auctoritate
753 3686 879 3749 summi
900 3685 1073 3768 pontificis
1105 3686 1142 3749 in
1165 3691 1297 3750 statum

343 3783 526 3864 pristinum
539 3784 674 3847 studuit
687 3784 873 3849 reformare
888 3803 898 3863 ;
923 3784 1063 3867 quidam
1084 3791 1201 3848 autem
1226 3785 1296 3847 fra·

343 3887 434 3945 trum
458 3881 533 3964 ejus
555 3883 723 3959 obierant,
746 3883 885 3966 quidam
907 3883 1011 3947 tsedio
1033 3891 1070 3948 et
1091 3891 1298 3966 paupertate

341 3980 457 4044 affecti
483 4000 505 4045 a
532 3981 631 4045 curia
650 3992 876 4060 recesserant,
899 3984 976 4065 ipso
999 3984 1075 4048 solo
1096 3984 1134 4047 in
1156 3985 1296 4064 negotio

340 4087 596 4159 perseverante,
618 4100 671 4158 ac,
690 4090 898 4167 paupertate
914 4083 1019 4146 nimia
1037 4076 1296 4165 ¹compellente,

568 4229 767 4302 wemma]
779 4230 962 4297 ‘Conpulsus'
975 4236 1002 4285 in
1014 4235 1073 4285 MS.
