2970 5016
476 455 616 504 sionna
641 457 911 509 nrsroarnauu.
1101 449 1168 515 323

212 612 465 695 supposuisset,
481 613 564 678 dicti
576 615 723 678 barones
737 616 959 698 appellationi
978 616 1079 681 iactae
1095 638 1164 682 non
1176 639 1233 681 an.
1243 641 1299 681 aa.

212 711 405 776 deferentes
441 713 619 777 civitatem
648 712 919 791 Londoniarum,
949 735 1027 798 quae
1057 726 1164 799 caput

212 811 309 892 regni
323 812 378 875 sui
400 818 465 887 est,
484 812 679 893 proditione
701 813 768 877 sibi
789 813 952 877 traditam
972 833 1163 897 occupave-

211 918 294 973 runt
322 918 360 973 et
384 909 497 974 adhuc
524 910 681 974 detinent
709 918 936 994 occupatam;
967 914 1161 994 quodcum

212 1007 340 1072 factum
360 1009 508 1099 ⁴fuisset,
540 1009 584 1072 ad
616 1027 725 1090 equos
754 1010 978 1074 convolantes
1003 1018 1040 1073 et
1063 1029 1161 1077 arma

210 1115 404 1188 exegerunt
418 1127 439 1170 a
452 1126 535 1188 rege
556 1106 734 1170 libertates
755 1109 977 1190 praescriptas
998 1109 1064 1173 sibi
1077 1129 1160 1175 con·

210 1205 351 1281 firmari,
374 1207 530 1289 ipseque,
550 1224 666 1268 eornm
690 1215 847 1270 metuens
867 1208 1044 1289 impetum,
1066 1210 1159 1290 qnod

209 1306 374 1385 petebant
398 1324 467 1367 non
492 1322 599 1367 ausus
618 1311 672 1366 est
688 1304 870 1384 denegare.
922 1304 1160 1372 Porrexerunt

209 1404 320 1466 nuntii
339 1404 519 1467 memorati
537 1402 678 1465 domiuo
701 1421 802 1485 papae
824 1404 984 1486 quaedam
1005 1406 1158 1487 capitula

208 1499 251 1565 de
286 1502 409 1565 chama
440 1501 608 1584 praedicta
642 1501 677 1563 in
704 1502 870 1584 scriptum
900 1502 1049 1579 redacta,
1078 1523 1157 1586 quae

207 1618 322 1664 causae
348 1602 440 1682 regis
466 1601 577 1680 magis
607 1619 796 1680 congruere
819 1600 1048 1681 videbantnr;
1078 1622 1157 1684 quae

207 1717 284 1762 cum
308 1699 492 1780 diligenter
511 1699 733 1781 inspexisset,
755 1718 834 1762 cum
857 1699 1083 1765 admiratione
1103 1722 1157 1765 re-

206 1798 359 1880 spondit,
374 1797 577 1879 ‘Numquid
598 1799 745 1861 barones
762 1796 903 1880 Angliae
922 1818 1039 1879 regem
1054 1819 1156 1865 cruce

206 1898 381 1977 signatum
422 1904 457 1960 et
488 1897 553 1960 sub
586 1897 799 1979 protectione
829 1896 921 1961 sedis
954 1898 1155 1979 apostolicae

205 1998 432 2060 constitutum
454 2015 476 2059 a
501 1995 590 2059 solio
612 1996 711 2076 regni
736 1997 895 2060 nituntur
917 1996 1099 2078 depellere,
1119 2006 1155 2062 et

205 2095 392 2158 dominium
402 2094 573 2159 Romanae
591 2094 745 2159 ecclesiae
755 2094 805 2159 ad
818 2094 924 2159 alium
940 2095 1153 2161 transferret

205 2192 274 2257 Per
304 2204 461 2258 sanctum
485 2193 641 2270 Petrum,
666 2193 757 2257 hanc
786 2192 947 2276 injuriam
977 2195 1154 2275 praeterire

204 2311 273 2356 non
299 2294 488 2373 poterimus
508 2291 713 2375 impunitam
728 2293 748 2356 !’
798 2292 898 2356 Tunc
913 2312 1017 2375 papa,
1034 2293 1154 2357 habita
1252 2294 1255 2299 ’

203 2391 451 2455 deliberatione
482 2410 560 2454 cnm
592 2391 835 2467 cardinalibus,
869 2391 1021 2455 chartam
1057 2412 1151 2474 saepe

200 2489 330 2553 dictam
352 2489 395 2553 de
414 2489 632 2554 libertatibus
651 2491 750 2571 regni
768 2488 908 2569 Angliae
925 2491 1098 2553 concessis
1114 2492 1151 2554 in

201 2597 404 2671 perpetuum
419 2608 481 2670 per
496 2589 702 2652 sententiam
718 2586 934 2650 diffinitivam
950 2587 1150 2653 damnatam

200 2688 364 2764 cassavit,
387 2688 475 2751 etin
494 2687 587 2750 illius
607 2687 657 2750 rei
675 2686 909 2750 testimonium
925 2687 999 2766 regi
1014 2683 1150 2768 Angla·
1188 2686 1193 2695 '

200 2806 274 2849 rum
291 2786 509 2868 privilegium
525 2787 756 2867 subscriptum
771 2785 983 2864 transmisit3

245 2958 398 3032 Quomodo
406 2977 468 3041 per
478 2956 685 3042 pricileyium
700 2954 967 3041 sedisapostolicae
981 2964 1107 3020 cassate

394 3065 466 3119 auat
482 3053 637 3119 libertates
652 3053 801 3119 haraeum
814 3053 949 3140 neptia.

247 3171 511 3244 ‘Innocentins¹
529 3179 723 3261 episcopus,
737 3196 859 3241 servus
875 3194 1052 3240 servorum
1068 3174 1148 3252 Dei,
1160 3198 1240 3248 uua.

197 3279 369 3343 universis
391 3278 522 3342 curus
539 3277 698 3340 anolinus
718 3275 808 3340 nanc
827 3275 992 3357 paginam
1011 3275 1147 3355 inspec-
1160 3248 1283 3348 illut?

197 3377 297 3454 turis,
310 3378 459 3442 salutem
473 3385 509 3440 et
524 3375 750 3458 apostolicam
763 3373 1047 3438 benedictionem.
1087 3371 1147 3436 Et·
1158 3348 1196 3388 ‘h’
1208 3358 1268 3398 Μ’*

196 3477 227 3539 si
255 3477 453 3540 carissimus
478 3476 515 3538 in
538 3461 679 3539 Christo
701 3473 794 3537 filius
817 3480 935 3536 noster
954 3469 1147 3548 lohannes,

196 3594 259 3638 rex
276 3575 471 3656 Anglornm
485 3574 644 3650 illustris,
665 3573 779 3636 Deum
796 3579 831 3635 et
846 3570 1027 3634 ecclesiam
1042 3568 1146 3633 vehe-

195 3681 330 3737 menter
347 3673 539 3751 offenderit,
559 3673 652 3736 unde
672 3690 735 3735 nos
759 3690 837 3734 eum
852 3668 991 3733 vinculo
1006 3686 1145 3731 excom·

194 3773 438 3837 municationis
460 3771 701 3836 innodavimus
722 3777 759 3832 et
780 3787 924 3851 regnum
944 3767 1019 3849 ejus
1039 3766 1145 3829 eccle·

193 3872 335 3935 siastico
363 3872 573 3954 subjecimus
603 3869 799 3945 interdicto,
824 3869 899 3950 ipse
922 3874 1050 3941 tamem
1077 3864 1145 3929 Illo

192 3971 458 4037 misericorditer
485 3970 689 4052 inspirante,
714 3966 774 4050 qui
805 3986 874 4029 non
897 3965 973 4028 vult
999 3971 1144 4027 mortem

191 4071 397 4151 peccatoris,
424 4069 483 4133 sed
508 4077 546 4133 ut
569 4073 793 4132 convertatur
815 4071 851 4129 et
875 4064 984 4139 vivat,
1006 4062 1146 4125 tandem

438 4224 631 4288 wammam]
650 4226 752 4286 ilymer,
764 4225 781 4273 i.
792 4240 818 4285 p.
831 4227 888 4271 lat.
1025 4294 1041 4340 ²

997 4303 1014 4339 Υ
