2970 5016
454 485 595 533 rnonns
618 485 888 534 ursuoamnuu.
1080 471 1145 537 237

394 717 444 780 Do
458 725 553 780 morte
576 716 726 781 Wtbont
741 717 778 781 dc
793 719 946 782 Bromia.

248 839 420 904 Paridem
437 847 574 923 tempus
591 840 788 904 Willelmus
811 841 854 905 de
870 841 1005 904 Branse
1019 839 1135 904 senior
1137 858 1192 946 ΙΔκ
1181 857 1215 895 o
1209 859 1262 946 11¹²}
1266 860 1282 896 ι.

196 941 255 1052 qni
280 959 303 1003 a
325 939 413 1003 l'acie
437 939 529 1020 regis
551 937 746 1020 Anglorum
759 938 931 1004 Johannis
953 941 997 1003 ab
1023 940 1141 1003 Hiber·
1137 890 1253 1046 νιῐιιῆῑιιιιῦ
1261 958 1288 996 ιιι

197 1039 254 1102 nia
267 1039 311 1102 ad
326 1046 444 1120 partes
459 1037 598 1119 fugerat
609 1037 810 1103 Gallicanas
814 1040 924 1121 ,apud
936 1007 1240 1104 ¹Cordubam⁸m⁸⁸⁹

194 1137 284 1201 diem
311 1138 438 1201 clausit
467 1144 660 1201 extremum
689 1146 725 1202 ct
751 1138 948 1202 Parisius
938 1159 974 1202 m
1006 1139 1147 1203 abbatia

195 1238 308 1301 sancti
331 1237 485 1302 Victoris
508 1236 695 1300 honorifice
718 1238 875 1319 sepultus
898 1244 959 1301 est.
1015 1237 1145 1301 Eodem

195 1355 287 1400 anno
311 1336 537 1399 Innocentius
560 1355 664 1418 papa,
687 1355 766 1399 curn
788 1357 850 1400 rex
869 1336 1059 1419 Anglorum
1081 1337 1103 1400 J
1107 1358 1146 1401 o·

195 1435 328 1498 bannes
354 1435 485 1498 nuntiis
515 1433 591 1518 ojus
624 1434 690 1499 sibi
716 1436 847 1499 monita
879 1436 1145 1518 praedicantibus

194 1534 349 1598 salubria
370 1534 592 1617 adquiescere
610 1535 885 1616 contempsisset,
907 1534 1145 1598 multimodam

195 1633 305 1717 ipsius
321 1632 573 1698 contumaciam
596 1652 703 1716 supra
726 1634 865 1697 modum
890 1633 1075 1710 admirans,
1095 1654 1145 1698 re·

195 1752 257 1814 ges
273 1742 308 1797 et
325 1733 413 1797 alios
428 1752 560 1810 omnes,
576 1740 648 1796 tam
669 1751 839 1814 pauperes
856 1753 958 1817 qnam
971 1740 1143 1815 potentes,

194 1831 240 1895 ad
255 1851 417 1896 coronam
435 1830 574 1913 Angliae
594 1839 805 1914 spectantes,
824 1852 846 1895 a
863 1833 955 1914 regis
979 1831 1146 1896 fidelitate

195 1939 230 1995 et
246 1931 460 2014 subjectione
474 1930 637 2007 absolvit,
659 1929 815 1995 districte
837 1939 874 1995 et
888 1933 953 1995 sub
970 1951 1075 2013 poena
1086 1951 1145 1994 cx-

194 2031 513 2094 communicationis
536 2030 720 2113 prohibens
742 2030 912 2095 universis
935 2038 970 2095 et
986 2031 1146 2111 singulis,

193 2137 365 2211 quatenus
392 2130 505 2211 ipsum
531 2129 567 2193 in
589 2148 719 2206 mensa,
741 2129 886 2195 consilio
911 2140 947 2195 ot
973 2130 1146 2212 colloquio

194 2229 324 2293 arctius
339 2229 523 2293 evitarent.

257 2327 393 2392 Habuit
417 2335 532 2391 autem
559 2347 619 2390 rex
647 2328 713 2392 hac
737 2328 911 2393 interdicti
938 2336 1183 2412 tempestates
1156 2343 1250 2434 πω

193 2426 452 2490 consiliarios
443 2427 689 2510 iniquissimos,
725 2447 871 2510 quorum
904 2430 1043 2491 nomina
1081 2449 1145 2511 pro
1251 2421 1257 2432 '

193 2533 293 2607 parte
315 2525 371 2589 hic
393 2546 520 2608 ponere
543 2545 610 2589 non
637 2528 814 2605 omittam3
838 2526 1035 2590 Willelmus
1058 2547 1144 2608 quo-

193 2644 260 2707 que
283 2624 390 2688 irater
419 2626 511 2707 regis
535 2633 571 2689 et
595 2645 709 2689 comes
733 2625 1007 2701 Saresbirieusis,
1035 2623 1141 2688 Albe·

195 2724 286 2787 ricus
309 2724 352 2786 de
363 2723 437 2788 Ver
451 2744 565 2788 comcs
583 2724 805 2802 Oxoniensis,
823 2723 1013 2788 Gansridus
1035 2723 1143 2786 lilius·

194 2821 291 2887 Petri
309 2821 448 2904 Angliae
472 2824 699 2906 justiciarius,
720 2831 791 2888 tres
808 2824 960 2906 episcopi
984 2823 1141 2900 curiales,

194 2921 377 3004 Philippus
401 2922 656 3000 Dunelmensis,
684 2924 810 2988 Petrus
828 2923 1081 2988 Wintoniensis
1108 2932 1143 2987 et

191 3020 215 3084 J
218 3022 370 3085 ohannes
389 3021 626 3099 NorvicensiS,
644 3021 840 3088 Richardus
858 3023 900 3086 de
916 3023 1069 3087 Matisco
1091 3043 1145 3086 re·

192 3123 247 3202 gis
269 3121 509 3197 cancellarius,
532 3120 641 3204 Hugo
665 3122 707 3186 de
732 3120 873 3186 Nevilla
896 3123 1144 3204 protoforesta-

191 3221 275 3297 rius,
307 3220 502 3285 Willelmus
537 3221 580 3285 de
612 3220 795 3285 Wrotbam
831 3229 948 3286 custos
980 3230 1142 3305 portuum

192 3321 309 3397 maris,
330 3319 507 3383 Robertus
529 3320 572 3383 de
593 3319 835 3404 Veteri-ponte
866 3329 901 3385 et
928 3322 1011 3386 Yvo
1035 3323 1143 3385 frater

192 3419 280 3502 ejus,
307 3419 454 3483 Brienus
482 3420 525 3484 de
550 3419 673 3485 Insula
700 3428 736 3484 et
756 3419 945 3484 Gauiridus
973 3421 1016 3484 de
1044 3421 1141 3498 Luci,

184 3517 302 3600 Hngo
330 3519 372 3582 de
398 3519 514 3583 Bailul
537 3528 572 3584 et
593 3519 792 3584 Bernardns
814 3518 921 3583 frater
946 3519 1031 3603 ejus,
1051 3519 1142 3583 Wil-

192 3618 315 3681 lelmus
332 3617 375 3680 de
389 3615 537 3681 Cantelu
555 3625 590 3682 et
604 3617 800 3682 Willelmus
819 3618 910 3681 filius
924 3618 1012 3701 ejus,
1033 3618 1142 3681 Fulco

191 3717 233 3780 de
252 3715 400 3781 Cantelu
423 3724 458 3781 et
476 3714 651 3781 Henricus
677 3718 719 3780 de
743 3716 926 3781 cornhelle
950 3718 1141 3781 vicecomes

192 3815 340 3892 Cantiae,
362 3816 536 3880 Robertus
556 3816 599 3880 de
620 3817 787 3880 Braibroc
801 3824 837 3880 et
854 3814 1029 3880 Henricus
1049 3816 1142 3879 filins

191 3914 280 3998 ejus,
299 3914 482 3998 Philippus
502 3916 545 3980 de
562 3915 725 3980 Ulccotes
745 3923 780 3978 et
797 3915 820 3978 J
824 3913 975 3979 ohannes
991 3915 1033 3978 dc
1052 3915 1141 3977 Bas·

190 4015 391 4096 singburne‚
413 4014 596 4097 Philippus
617 4015 730 4078 Marci
748 4014 959 4078 castellanus
983 4015 1026 4078 de
1050 4014 1141 4078 Not·

239 4183 432 4257 ¹Cordubum‚·]
457 4190 496 4238 sor
510 4191 682 4252 ‘coibulam'
698 4206 727 4241 or
747 4187 881 4254 ‘Corbeib’
902 4192 1038 4254 according
1056 4197 1082 4239 to
1100 4191 1143 4239 the

189 4260 287 4310 Frencb
300 4259 435 4309 uamlamr
446 4260 475 4309 of
485 4261 569 4313 Paris.
