2970 5016
371 491 507 540 rnonns
529 492 800 543 araronmauu.
997 480 1064 545 205

115 651 211 724 bant,
236 665 383 729 quarum
405 648 521 730 capita
545 648 640 712 velut
661 648 836 730 nigrorum
863 648 1006 731 piscium
1028 650 1064 712 in
1075 663 1199 705 enom

112 747 261 811 ferventi
283 746 483 827 liquamine,
505 765 550 808 ex
573 747 608 809 vi
630 746 854 823 ebullitionis,
875 767 967 811 nunc
990 714 1194 811 sur-ffibbd

112 865 189 909 sum
204 845 488 926 praeeminebant,
507 863 599 908 nunc
616 845 776 909 deorsum
798 846 957 910 ruebant.
1002 846 1064 910 Se-

114 944 229 1007 cunda
260 943 379 1025 platea
414 942 574 1007 similiter
605 942 776 1007 caldarias
810 944 972 1020 babebat,
1002 945 1063 1009 sed

115 1045 195 1105 nive
218 1048 254 1104 et
277 1041 391 1122 gelida
418 1040 529 1122 glacie
550 1040 707 1116 refertas,
736 1044 773 1105 in
794 1042 917 1124 quibus
938 1043 1064 1106 animae

116 1140 255 1204 horrido
283 1139 411 1220 frigore
442 1146 477 1202 et
504 1139 660 1203 cruciatu
689 1140 898 1204 intolerabili
926 1148 1065 1224 torque-

116 1239 256 1303 bantur.
326 1236 498 1301 Galdariae
528 1257 621 1314 vero,
648 1257 726 1320 quae
753 1240 789 1301 in
818 1238 935 1321 platea
961 1241 1065 1303 tertia

117 1345 227 1413 amnt,
245 1354 336 1418 aqua
355 1335 543 1417 sulphurea
564 1335 722 1400 bullienti
743 1344 779 1400 et
795 1339 929 1401 caeteris
949 1340 1064 1415 rebus,

118 1454 195 1518 quae
217 1434 376 1498 ioetorem
399 1435 555 1498 emittere
579 1434 693 1497 solent
712 1454 790 1498 cum
810 1435 905 1499 fumo
929 1436 1064 1513 soetido,

119 1532 251 1615 repleta
276 1541 388 1609 eraut,
416 1532 452 1595 in
477 1533 602 1614 quibus
628 1532 752 1596 animae
779 1533 814 1596 in
838 1533 963 1596 foetore
987 1533 1064 1597 libi-

118 1632 209 1695 dinis
240 1633 349 1695 vitam
382 1630 540 1694 finientes
573 1631 770 1712 specialiter
806 1632 1063 1714 torquebantur.

120 1729 256 1808 Quarta
277 1750 361 1794 vero
382 1729 499 1811 platea
521 1729 671 1792 babebat
691 1729 861 1793 caldarias
883 1749 975 1812 aqua
995 1731 1065 1794 sal·

119 1829 256 1892 sissima
281 1837 317 1893 et
338 1828 524 1909 nigerrima
548 1828 681 1910 plenas,
705 1828 803 1912 cujus
827 1847 928 1911 aquae
950 1837 1065 1892 auste-

118 1926 205 1990 ritas
226 1946 271 1990 ex
301 1944 366 1990 sua
389 1925 560 1990 salsedine
587 1926 765 2007 quodlibet
790 1926 922 2008 lignum
948 1927 1067 1990 inille

119 2024 312 2089 demersum
339 2025 519 2089 confestim
546 2023 749 2090 decoriaret.
802 2024 844 2087 In
874 2024 928 2087 his
951 2034 1066 2089 autem
1191 2043 1204 2069 ,

119 2124 280 2187 caldariis
296 2123 481 2187 multitudo
498 2130 728 2205 peccatorum,
743 2123 1003 2200 homicidarum,
1017 2124 1066 2187 fu·

120 2241 208 2299 rum,
232 2231 422 2305 raptorum,
449 2222 677 2286 veneficarum
709 2221 890 2286 mulierum
916 2232 952 2287 et
978 2223 1066 2286 divi·

120 2327 206 2397 tum,
228 2321 288 2403 qui
307 2320 462 2384 homines
481 2339 563 2383 suos
582 2320 722 2404 injustis
743 2321 982 2384 exactionibus
1003 2341 1067 2403 op·

121 2419 327 2501 primebant,
348 2419 580 2482 indesinenter
601 2418 816 2495 bulliebant;
841 2438 929 2501 quos
951 2419 1066 2481 minis

122 2517 166 2580 tri
186 2516 379 2598 iniquitatis
403 2517 552 2599 undique
571 2517 749 2580 adstantes
770 2536 849 2579 cum
872 2517 977 2579 furcis
999 2517 1066 2579 fer-

121 2616 189 2678 reis
215 2615 453 2691 candentibus,
477 2634 520 2678 ne
545 2615 770 2697 liquaminum
797 2614 954 2677 ardorem
982 2615 1066 2677 effu·

121 2721 254 2795 gerent,
284 2714 469 2777 introrsum
501 2713 783 2794 comprimebant.
849 2712 906 2775 Illi
938 2720 1066 2789 autem,

122 2813 182 2894 qui
200 2813 236 2875 in
254 2811 320 2875 boc
340 2811 487 2877 ferventi
508 2811 641 2894 liquore
660 2830 722 2893 per
743 2809 817 2873 dies
838 2819 971 2892 septem
991 2810 1067 2873 bul-

121 2910 259 2985 lierant,
277 2910 333 2973 die
350 2917 475 2975 octavo
490 2910 526 2973 in
541 2909 651 2990 frigus
665 2908 750 2973 illud
770 2908 958 2985 horridum,
975 2909 1066 2990 quod

121 3009 158 3072 in
177 3009 329 3072 secunda
346 3007 463 3090 platea
483 3014 571 3085 erat,
593 3008 866 3090 deponebantur,
881 3015 929 3083 et,
947 3028 966 3071 e
987 3027 1069 3070 con-

123 3127 235 3184 verso,
258 3107 321 3183 illi,
346 3107 406 3188 qui
430 3106 550 3170 afflicti
573 3106 712 3170 fuerant
736 3107 774 3168 iu
799 3104 938 3187 frigore,
961 3126 1068 3187 pone·

122 3206 251 3269 bantur
274 3205 309 3268 in
333 3205 522 3288 liquamine
543 3204 726 3281 bullienti;
760 3204 929 3280 similiter,
951 3205 1011 3286 qui
1033 3205 1069 3268 in

122 3323 215 3386 aqua
228 3304 321 3367 salsa
335 3303 534 3379 bullierant,
549 3302 585 3365 in
602 3302 781 3366 soetoribus
799 3304 1069 3385 torquebantur;

123 3403 187 3466 bas
203 3421 286 3466 vero
306 3402 536 3465 mutationum
554 3401 806 3466 vicissitudines
827 3420 888 3483 per
903 3409 981 3465 octo
997 3400 1070 3463 dies

122 3520 259 3583 semper
273 3500 517 3564 observabant.

181 3674 230 3738 De
244 3673 374 3739 beauce
389 3673 425 3737 ia
441 3681 540 3736 mena
551 3671 665 3757 gaudii
678 3672 741 3735 site
756 3679 784 3734 et
797 3669 834 3734 de
847 3668 1011 3754 suffragiis

499 3790 693 3834 cremeram.

176 3895 258 3959 Hiis
278 3896 398 3977 itaque
418 3892 596 3975 inspectis,
617 3891 838 3954 illucescente
859 3889 934 3973 jam
956 3887 1075 3951 Domi-

125 3994 212 4058 nicae
247 3994 314 4057 diei
352 4011 490 4067 aurora,
531 3990 642 4053 sancti
677 3988 857 4051 memorati
888 4006 966 4052 cum
1000 3987 1074 4050 viro

124 4092 249 4157 educto
273 4097 499 4174 perrexerunt
515 4088 558 4152 ad
580 4094 731 4151 montem
747 4086 864 4164 gaudii
885 4106 946 4168 per
960 4085 1075 4165 ignem

124 4191 317 4274 purgatorii
337 4197 372 4253 et
389 4209 451 4272 per
470 4195 632 4269 stagnum
651 4204 692 4248 ac
711 4190 849 4266 pontem
868 4183 1076 4259 aculeatum,
