2970 5016
452 481 591 529 neonus
616 482 885 531 nrsronrnnuu.
1078 469 1142 533 381

193 644 337 716 agentes
352 643 387 700 et
404 637 529 699 ibidem
545 637 648 700 simili
669 638 763 701 rabie
784 638 969 701 saevientes
992 636 1036 700 ad
1059 645 1143 701 nota
1154 652 1210 692 A-v·
1221 653 1278 691 ¹²1⁶·

194 734 453 799 Londoniarum
469 735 615 799 latibula
632 744 714 799 sunt
730 737 870 800 reversi.

353 907 403 970 De
415 905 568 971 obsidione
584 908 681 971 castri
695 907 733 970 de
754 906 986 971 windleshores.

244 1028 312 1092 His
334 1030 384 1093 ita
406 1031 527 1109 gestis,
544 1028 646 1092 iidem
668 1030 826 1104 barones,
845 1049 970 1110 magno
987 1030 1142 1093 exercitu
1154 1042 1253 1081 Μάιον

192 1136 415 1208 congregato,
450 1128 629 1192 castellum
666 1128 709 1190 de
734 1127 993 1191 Windleshores
1025 1091 1258 1192 cuneisffifliu·

192 1225 398 1289 militaribus
411 1227 640 1304 obsederunt3
665 1235 740 1290 erat
752 1234 867 1289 autem
882 1227 1041 1308 princeps
1056 1227 1142 1289 mili-

192 1323 250 1387 tiae
266 1324 359 1387 illius
375 1344 489 1388 comes
509 1324 696 1399 Niverniae‚
712 1318 774 1387 ¹de
790 1324 1002 1388 Guenelonis
1018 1345 1143 1405 genere

192 1422 398 1503 proditoris3
421 1423 493 1505 qui,
516 1423 683 1486 machinis
705 1423 749 1486 ad
772 1432 921 1486 castrum
946 1422 1142 1505 applicatis,

193 1524 310 1583 muros
328 1522 453 1585 acriter
470 1523 683 1585 invaserunt.
731 1521 814 1585 Fuit
830 1523 948 1602 itaque
971 1523 1005 1583 in
1028 1529 1142 1586 castro

193 1627 310 1681 custos
328 1639 481 1683 summus
500 1619 706 1701 Ingelardus
722 1619 764 1683 de
782 1619 900 1696 Athie,
917 1620 970 1682 vir
988 1621 1142 1701 inopere

194 1718 318 1782 martio
352 1720 627 1800 probatissimus,
661 1738 738 1781 cum
765 1718 931 1782 militibus
958 1720 1143 1798 sexaginta

194 1823 229 1879 et
251 1835 371 1879 eorum
392 1818 543 1899 sequela,
568 1818 627 1899 qui
650 1823 849 1880 constanter
872 1816 1063 1879 defensioni
1083 1836 1144 1879 va-

195 1922 314 1978 cantes
339 1916 457 1979 hostes
473 1936 494 1979 a
511 1917 619 1978 muris
639 1915 776 1996 lougius
798 1915 963 1996 repellere
985 1915 1142 1977 niteban-

195 2021 263 2077 tur.
316 2015 472 2096 Cumque
487 2033 550 2077 rex
564 2013 587 2076 J
590 2013 742 2076 ohannes
759 2021 874 2076 castra
892 2012 935 2076 de
952 2012 1093 2075 Dovera
1108 2023 1143 2077 et

194 2111 236 2174 de
252 2112 514 2176 windleshores
536 2112 756 2193 cognovisset
777 2112 930 2187 obsessa,
953 2130 1142 2192 congrega·

194 2210 245 2274 vit
271 2212 459 2273 exercitum
492 2211 658 2290 grandem
687 2210 729 2272 de
754 2210 923 2290 praesidiis
951 2218 1142 2273 castrorum

195 2327 349 2384 suorum,
375 2327 444 2389 quo
469 2309 619 2389 stipatus
647 2306 809 2369 discurrit
836 2314 990 2386 tempore
1021 2308 1142 2370 messis

194 2426 258 2488 per
291 2412 401 2470 terras
431 2407 594 2469 comitum
625 2410 660 2466 et
693 2403 873 2478 baronum,
903 2402 995 2464 aedes
1025 2423 1141 2466 eorum

195 2525 275 2568 cum
296 2503 453 2584 frugibus
477 2500 726 2565 concremando
751 2499 912 2562 damnum
941 2519 1009 2561 non
1032 2501 1141 2563 modi-

195 2621 273 2664 cum
296 2601 452 2664 hostibus
482 2601 672 2681 irrogavit3
700 2598 837 2661 tandem
871 2598 1067 2679 provincias
1100 2599 1142 2662 de

196 2698 379 2763 Northsolc
403 2705 438 2761 et
465 2698 622 2762 Suthfolc
646 2691 886 2779 ²pervagatus,
919 2696 1022 2759 simili
1048 2698 1142 2760 rabie

195 2797 320 2860 ibidem
340 2797 374 2859 in
398 2797 500 2858 rebus
518 2795 652 2857 comitis
675 2794 716 2857 de
740 2795 906 2871 Arundel,
928 2793 1059 2875 Rogeri
1083 2797 1144 2858 Bi-

195 2903 269 2976 g0t‚
282 2894 448 2958 Willelmi
463 2893 505 2955 de
520 2891 765 2973 Huutingfeld,
783 2893 913 2974 Rogeri
937 2893 979 2955 de
995 2893 1092 2956 Cresi
1108 2903 1143 2957 et

194 2992 341 3056 aliorum
367 2998 568 3073 magnatum
594 2991 748 3055 desaevit.
801 2991 1001 3055 Novissime
1027 3000 1142 3054 autem

195 3111 271 3154 cum
288 3091 362 3154 haec
379 3091 495 3153 omnia
509 3090 706 3166 baronibus,
724 3089 832 3171 quiin
850 3089 1028 3153 obsidione
1038 3092 1144 3154 castri

193 3188 236 3253 de
250 3188 510 3252 Windleshores
528 3207 659 3269 parum,
674 3189 779 3251 immo
794 3187 889 3262 nihil,
905 3189 1143 3268 proficiebant,

195 3288 355 3351 nuntiata
387 3286 545 3362 fuissent,
571 3286 796 3349 decreverunt
829 3286 1041 3350 ohsidionem
1074 3288 1143 3350 sol-

193 3405 285 3459 vere,
309 3393 349 3448 ut
370 3385 443 3465 regi
466 3385 632 3460 Johanni,
658 3384 718 3466 qui
748 3384 823 3466 jam
853 3384 945 3446 circa
971 3383 1144 3447 maritima

194 3485 230 3547 in
250 3483 420 3559 Suthsolc,
444 3491 482 3546 ut
508 3484 638 3547 dictum
658 3490 723 3558 est,
742 3481 877 3563 praedas
901 3482 1028 3559 agebat
1043 3490 1077 3545 et
1092 3502 1144 3545 ra-

193 3583 306 3664 pinas,
321 3583 414 3645 viam
432 3581 684 3665 praecluderent
700 3579 914 3656 revertendi;
943 3580 1060 3661 sicque
1083 3599 1145 3660 per

227 3779 287 3832 ¹De
308 3783 455 3832 Gaeneloaic
470 3797 559 3844 genere
573 3772 669 3865 prodi-J
719 3778 930 3844 ’Perrugoiua.]
960 3782 1034 3842 Upon
1056 3778 1145 3833 John’u

192 3846 284 3918 toria]
310 3853 353 3899 Αιι
375 3852 536 3912 explanation
558 3854 587 3900 of
606 3852 669 3899 this·
679 3852 803 3911 jcurneye
818 3856 845 3899 at
862 3850 913 3899 this
932 3851 1030 3911 period,
1048 3853 1145 3913 especi-

192 3922 299 3980 proverh
321 3922 344 3968 iu
372 3922 447 3981 given
477 3922 510 3981 hy
538 3920 669 4009 Dutillet,p
684 3920 737 3979 nlly
759 3920 821 3968 from
846 3919 888 3967 the
913 3924 952 3968 lat
974 3925 999 3967 to
1020 3920 1063 3969 the
1087 3920 1145 3968 ltlth

193 3988 256 4038 Rec.
279 3990 325 4038 dea
348 3989 417 4050 Roys
446 3991 479 4038 de
502 3990 607 4050 Franco,
630 4004 656 4050 p.
684 3987 712 4035 ol
729 3988 848 4049 October,
868 3988 942 4036 when
965 3989 996 4036 he
1018 3989 1087 4047 died,
1103 3990 1146 4037 the

190 4061 248 4107 261.
283 4059 331 4106 See
353 4058 450 4106 French
468 4058 660 4107 translationes
684 4057 774 4105 render
790 4056 882 4105 should
899 4057 999 4105 consult
1014 4057 1146 4105 theltine·

192 4126 511 4191 Paris,iii.p.1uu,aote.
684 4141 742 4187 rary
754 4126 805 4173 and
818 4126 868 4174 Mr.
881 4121 993 4186 Hardy's
1004 4126 1104 4186 preiace
1120 4131 1146 4175 to

684 4195 726 4244 the
739 4196 799 4244 Pat.
813 4194 894 4259 Ralla,
903 4210 929 4257 p.
941 4195 1013 4245 xlvii.
