2970 5016
383 463 523 511 rionns
547 463 816 512 nisronmnun.
1034 450 1078 511 15

123 621 246 696 driam,
267 627 303 684 et
328 628 488 702 receptus
511 629 564 685 est
590 623 626 685 in
653 621 820 685 Flandria
846 640 925 684 cum
948 622 1210 703 gaudioso-¹¹⁸⁹.

124 728 159 784 et
179 721 303 785 laetitia
324 740 346 784 a
369 721 494 784 comite
513 720 690 803 Philippo,
710 741 811 803 quem
830 721 934 784 etiam
956 741 1019 784 rex
1042 724 1077 784 in

125 819 377 883 Normanniam
400 840 516 883 secum
539 821 652 883 duxit.
706 820 786 884 Rex
810 827 926 883 autem
948 820 1079 884 dimisit

124 918 286 982 custodes
301 920 400 1001 regni
418 917 569 1000 Angliae,
589 919 790 1001 Hugonem,
808 919 1077 983 Dunclmcnsem

125 1018 338 1100 episcopum,
363 1025 398 1081 et
422 1018 635 1082 Willclmum
665 1019 849 1094 Eliensem,
875 1018 1077 1082 cancellari·

126 1137 183 1180 um
206 1137 320 1192 suum,
339 1117 527 1198 Hugonem
551 1117 789 1199 Bardulphum
813 1126 848 1181 et
864 1117 1077 1181 Willelmum

127 1217 292 1292 Briwere,
317 1218 376 1298 qui
405 1225 562 1280 tenerent
587 1217 681 1298 leges
707 1216 847 1298 Angliae
875 1227 910 1280 et
934 1237 1080 1280 consue-

127 1315 264 1379 tudines
283 1324 409 1392 rectas,
436 1324 474 1379 ut
496 1317 682 1398 unicuique
702 1317 927 1398 conquerenti
948 1325 1078 1379 rectam

121 1414 295 1498 justitiam
316 1415 539 1492 exhiberent3
566 1415 627 1478 sed
652 1416 743 1478 inter
759 1424 905 1478 caeteros
922 1417 1080 1496 precemi-

127 1517 256 1578 nebant
279 1514 388 1596 Hugo
406 1515 651 1577 Dunclmcnsis
666 1523 701 1577 et
718 1513 914 1576 Willelmus
931 1513 1080 1577 Eliensis

127 1614 291 1695 episcopi,
314 1633 460 1696 quorum
484 1613 666 1695 episcopus
690 1613 934 1676 Dunclmcnsis
960 1613 1081 1676 habuit

122 1712 354 1795 justiciariam
368 1707 408 1778 ¹a
422 1731 548 1794 magno
563 1712 704 1776 flumine
723 1712 892 1776 Humbrae
911 1731 1021 1793 usque
1036 1710 1079 1775 ad

128 1811 302 1876 Scoticum
334 1832 441 1888 marc,
471 1812 668 1876 Willelmus
696 1831 778 1876 vero
809 1811 960 1875 Eliensis
991 1811 1079 1874 obti-

129 1912 204 1974 nuit
220 1911 452 1994 justiciariam
477 1930 498 1975 a
518 1911 658 1973 flumine
683 1910 848 1992 praedicto
871 1910 915 1974 ad
940 1910 1079 1991 plagam

128 2011 316 2074 australem
342 2030 452 2093 usque
479 2010 523 2073 ad
551 2030 644 2072 mare
671 2009 904 2085 Gallicanum,
929 2029 1007 2072 cum
1035 2010 1080 2071 si-

129 2109 214 2189 gillo
236 2110 328 2190 regis
349 2120 384 2174 et
407 2111 513 2174 turris
537 2109 814 2187 Londoniensis3
843 2108 936 2190 quod
960 2108 1080 2188 Hugo,

131 2209 374 2272 Dunclmcnsis
405 2209 600 2290 episcopus,
630 2209 731 2271 nimis
761 2208 904 2271 moleste
936 2206 1081 2283 ferebat,

131 2317 211 2373 tunc
235 2309 345 2390 primo
368 2307 578 2388 intelligens,
601 2307 693 2389 quod
717 2327 779 2370 rex
801 2307 898 2369 illum
919 2307 1081 2387 justicia·

130 2407 218 2469 rium
235 2406 378 2483 fecerat,
395 2426 464 2471 non
485 2407 560 2470 zelo
573 2394 734 2490 justitiae,
749 2406 809 2469 sed
827 2413 868 2469 ut
886 2405 1079 2488 pecuniam,

129 2514 169 2570 ut
189 2506 398 2588 praedictum·
412 2514 477 2583 est,
496 2508 540 2569 ab
561 2527 602 2571 eo
623 2512 866 2588 extorqueren
894 2504 984 2568 unde
1005 2506 1080 2585 ipse

130 2615 165 2670 et
186 2605 413 2670 cancellarius
430 2607 466 2669 in
487 2607 607 2688 paucis
627 2606 807 2669 unanimes
827 2612 937 2679 erant,
956 2623 1079 2667 secun·

130 2705 211 2769 dum
232 2705 329 2785 illud,

413 2854 491 2866 —-
503 2823 668 2898 ‘omnisque
681 2829 806 2898 potestas

291 2917 446 2995 Impatiens
460 2919 599 2975 consortis
614 2916 685 2974 erit)

214 3110 471 3195 Areliopiecopnc
488 3121 603 3173 temam
618 3109 773 3173 Jollennio
781 3110 907 3193 fratris
921 3110 1001 3195 repis

261 3210 437 3287 interdicit,
451 3210 504 3273 sed
520 3207 695 3272 cardinalis
710 3231 778 3272 mm
793 3209 957 3273 relocavit.

177 3326 266 3395 Per²
287 3334 377 3396 idem
398 3340 536 3416 tempus
557 3332 580 3396 J
583 3331 749 3409 ohannes,
767 3332 874 3397 frater
900 3334 1003 3415 regiS,
1026 3353 1082 3396 co·
1094 3349 1212 3438 iiiiii

134 3451 205 3494 ram
233 3433 349 3514 legato
378 3442 412 3496 et
444 3432 615 3514 episcopis
644 3452 785 3512 gravem
814 3431 974 3514 deposuit
1000 3426 1198 3514 que-notion-

133 3530 251 3607 relam,
279 3531 369 3614 quod
395 3531 685 3614 archiepiscopus,
710 3539 788 3614 post
816 3530 1082 3613 appellationem

132 3630 174 3692 ad
192 3630 307 3693 sedem
322 3630 548 3712 apostolicam
565 3631 706 3705 factam,
720 3638 827 3694 totam
843 3640 969 3694 terram
984 3646 1082 3692 suam

132 3738 295 3810 posuerat
317 3732 381 3793 sub
403 3730 598 3808 interdicto,
616 3731 699 3812 quia
718 3730 824 3793 filiam
846 3731 981 3794 comitis
998 3728 1085 3793 Glo-

132 3830 273 3906 veruiae,
303 3830 340 3891 in
372 3829 475 3894 tertio
508 3830 618 3911 gradu
650 3830 942 3911 consanguineam
973 3848 1084 3904 suam,
1160 3870 1162 3876 ·

167 4000 210 4051 'A
225 4018 313 4064 magno
323 4003 429 4066 flumine
447 4005 595 4069 Homine]
621 4008 752 4055 wellfrom
760 4007 1085 4068 transpositionasmutile·

130 4071 205 4121 Wats
220 4073 335 4121 remarks
354 4088 388 4122 on
405 4075 455 4124 this
477 4090 596 4137 passage,
621 4078 674 4125 tion
684 4093 691 4135 ;
703 4078 764 4125 Var.
778 4078 858 4126 lectt.

129 4142 185 4191 that
197 4142 240 4191 tire
257 4141 350 4192 cotton
367 4159 432 4205 copy
443 4145 472 4192 os
488 4146 597 4194 Weudo-
656 4142 668 4175 ²
679 4147 729 4193 Per
741 4146 803 4195 Mem
815 4140 929 4214 lempna]
944 4147 1085 4209 Hoveden3

130 4226 175 4260 rer
194 4227 249 4261 was
268 4212 328 4261 here
349 4228 410 4274 very
427 4213 550 4263 confused
568 4230 597 4263 as
622 4216 672 4264 ond
685 4215 786 4278 Diceto,
797 4216 845 4265 col.
857 4220 914 4265 6⁵0.
