2970 5016
448 447 587 497 neonus
612 448 881 497 ntsronmnun.
1084 436 1148 498 321

193 620 275 665 vero
303 610 465 683 apostata
493 603 685 684 diceretur3
717 614 762 681 et,
791 625 867 668 cunr
901 614 1042 687 propter
1070 606 1280 689 musanus.

194 708 265 763 tam
288 700 458 764 diutinam
481 703 673 767 absentiam
697 713 909 785 quaereretur
935 724 957 767 a
976 705 1093 768 multis
1111 716 1146 769 et

194 818 262 862 non
295 799 418 863 fuisset
452 801 626 878 inventus,
661 803 762 865 undis
790 804 1146 885 ipsum'crediderunt

191 898 406 962 submersum
433 900 489 963 vel
522 901 591 964 alio
619 921 837 984 quocumque
868 902 988 966 mortis
1019 923 1144 983 genere

192 997 419 1060 subtractum.
461 998 540 1062 Rex
554 1007 670 1062 autem
687 999 892 1064 haecomnia
914 1020 1014 1081 aequo
1031 1001 1143 1064 serens

194 1095 309 1159 animo
332 1097 532 1160 nuntiorum
554 1117 707 1174 suorum,
729 1119 876 1180 quorum
903 1099 1070 1181 quosdam
1099 1100 1142 1162 ad

192 1194 321 1256 curiam
356 1194 563 1271 Romanam,
597 1197 780 1261 nonnullos
815 1205 957 1280 propter
996 1197 1143 1262 militare

192 1292 382 1355 subsidium
395 1294 642 1370 destinaverat,
665 1296 895 1359 desideratum
919 1296 1143 1376 praestolaba-

194 1399 249 1453 tur
265 1391 463 1455 adventum.

206 1579 248 1642 Ur
264 1578 389 1643 barones
404 1581 528 1666 simlia
542 1582 588 1645 ad
601 1592 808 1647 comanente
823 1605 852 1646 se
863 1587 1125 1671 praeparaverint.

224 1702 380 1767 Berones
393 1706 534 1781 interea,
548 1706 606 1785 qui
619 1705 653 1767 in
666 1706 749 1769 urbe
762 1706 1031 1784 Londoniarum‚
1040 1710 1140 1789 quasi
1152 1727 1198 1767 rs.
1207 1728 1282 1767 saon·

192 1808 265 1864 toto
291 1803 432 1884 negotio
456 1803 639 1885 completo,
662 1804 890 1868 condixerunt
913 1806 1003 1869 inter
1029 1825 1078 1881 se,
1102 1815 1141 1871 ut
1152 1778 1300 1867 imi?

192 1900 283 1981 apud
295 1902 459 1965 Stanford
472 1903 514 1965 ad
529 1905 756 1966 torneamenti
771 1903 890 1966 ludum
905 1905 1139 1984 convenirent,

192 1999 283 2063 unde
301 2000 478 2065 Willelmo
500 2002 543 2065 de
567 2001 734 2066 Albeneio
756 2003 830 2065 viro
857 2003 961 2066 nobili
985 2004 1048 2065 sub
1074 2004 1139 2068 hac

191 2098 302 2162 forma
325 2100 444 2163 literas
462 2101 685 2180 direxerunt;
713 2100 913 2165 ‘Robertns
931 2101 1138 2166 filius-Wal-

193 2198 268 2274 teri‚
291 2199 537 2262 mareschallus
556 2201 729 2263 exercitus
740 2201 813 2277 ⁸Dei
830 2209 865 2264 et
881 2209 1011 2265 sanctae
1029 2202 1139 2265 eccle·

192 2297 266 2372 siae,
293 2298 408 2361 etalii
433 2307 615 2378 magnates
639 2300 792 2382 ejusdem
821 2302 1005 2376 exercitus,
1033 2301 1140 2364 nobili

192 2396 267 2457 viro
277 2395 450 2460 Willelmo
462 2397 505 2460 de
519 2398 699 2473 Albeueio‚
713 2399 873 2462 salutem.
921 2401 1014 2463 Bene
1030 2399 1139 2476 scitis,

191 2513 295 2574 quam
315 2514 477 2577 magnum
494 2496 708 2559 commodum
727 2498 772 2559 sit
790 2497 888 2559 vobis
905 2506 941 2559 et
953 2497 1052 2559 nobis
1068 2517 1141 2560 om-

193 2593 293 2656 nibns
316 2613 455 2658 servare
483 2595 658 2658 civitatem
684 2594 953 2670 Londoniarum,
980 2613 1059 2676 quae
1086 2603 1139 2658 est

191 2693 445 2774 receptaculum
468 2703 636 2768 nostrum,
654 2701 689 2756 et
702 2700 868 2775 quantum
884 2693 1030 2756 dedecus
1047 2701 1140 2756 esset

193 2797 227 2852 et
245 2790 408 2854 damnum
431 2794 541 2868 nobie,
560 2794 590 2855 si
612 2811 672 2873 per
692 2791 862 2854 desectum
886 2799 1040 2854 nostrum
1063 2810 1139 2854 eam

192 2890 436 2953 amitteremus.
472 2890 598 2954 Sciatis
613 2890 717 2953 etiam
733 2891 934 2966 certissime,
945 2891 1036 2973 quod
1050 2908 1139 2971 prae·

195 2989 316 3051 moniti
346 2989 523 3065 fuerimus,
554 2990 645 3071 quod
677 2989 817 3071 quidem
843 2997 937 3064 sunt,
964 2990 1024 3070 qui
1054 2989 1138 3051 nihil

192 3085 285 3149 aliud
299 3097 516 3169 exspectant,
533 3090 599 3172 nisi
622 3089 713 3169 quod
736 3090 995 3152 recessissemus
1014 3108 1036 3152 a
1055 3088 1139 3153 civi·

192 3191 265 3249 tate
287 3186 465 3267 praedicta,
488 3195 527 3249 ut
552 3188 602 3251 ita
627 3188 742 3250 subito
767 3206 843 3249 eam
873 3195 1014 3269 possent
1037 3208 1138 3250 occu·

192 3302 294 3364 pare;
327 3292 361 3348 et
384 3285 461 3349 ideo
491 3307 553 3368 per
581 3305 761 3349 commune
787 3287 967 3348 consilium
1001 3287 1139 3365 prolon-

191 3384 350 3463 gavimus
369 3391 654 3460 torneamentum,
671 3385 762 3466 quod
780 3377 947 3466 ¹coeptum
964 3383 1030 3446 suit
1047 3384 1139 3464 apud

192 3480 349 3545 Stansort
364 3483 420 3547 die
439 3484 548 3547 Lunae
571 3484 728 3565 proximo
749 3491 829 3564 post
850 3483 976 3545 festum
1000 3490 1140 3563 aposto·

192 3579 303 3643 lorum
321 3580 418 3644 Petri
434 3592 469 3645 et
479 3581 594 3658 Pauli,
607 3601 714 3664 usque
729 3582 773 3644 ad
790 3581 879 3644 diem
897 3580 1005 3643 Lunae
1023 3581 1140 3661 proxi-

192 3698 284 3742 mum
303 3687 382 3761 post
394 3690 536 3744 octovas
554 3681 749 3762 praedictas.
784 3680 860 3743 Erit
876 3686 992 3742 autem
1005 3687 1141 3741 tornea

192 3785 344 3840 mentum
363 3779 470 3863 juxta
487 3780 681 3842 Londinum
702 3779 737 3840 in
753 3780 878 3840 bmera
892 3778 935 3841 de
951 3777 1089 3853 Stanes,
1107 3784 1143 3839 et

194 3876 277 3939 villa
308 3879 351 3941 de
384 3878 645 3956 Hundeslawe3
672 3885 707 3940 et
733 3876 797 3940 hoc
826 3876 969 3939 fecimus
1003 3882 1144 3958 propter

193 3977 412 4042 securitatem
432 3986 584 4042 nostram
602 3984 637 4040 et
653 3977 872 4040 securitatem
890 3975 1041 4039 civitatis
1056 3992 1144 4056 prae·

459 4179 465 4211 ¹
478 4177 610 4248 Centum]
631 4176 771 4241 ‘Captum'
785 4180 810 4226 in
823 4179 879 4229 MS.

248 4292 325 4338 voh.
351 4293 405 4341 lli.
972 4295 996 4340 Υ
