<?xml version="1.0" encoding="UTF-8"?>
<!DOCTYPE html PUBLIC "-//W3C//DTD XHTML 1.0 Transitional//EN"
    "http://www.w3.org/TR/xhtml1/DTD/xhtml1-transitional.dtd">
<html xmlns="http://www.w3.org/1999/xhtml" xml:lang="en" lang="en">
 <head>
  <title>
</title>
<meta http-equiv="Content-Type" content="text/html;charset=utf-8" />
  <meta name='ocr-system' content='tesseract 3.04.00' />
  <meta name='ocr-capabilities' content='ocr_page ocr_carea ocr_par ocr_line ocrx_word'/>
</head>
<body>
  <div class='ocr_page' id='page_1' title='image "./rogeridewendove08rogegoog_0245.png"; bbox 0 0 2970 5016; ppageno 0'>
   <div class='ocr_carea' id='block_1_1' title="bbox 345 457 1030 522">
    <p class='ocr_par' dir='ltr' id='par_1_1' title="bbox 345 457 1030 522">
     <span class='ocr_line' id='line_1_1' title="bbox 345 457 1030 522; baseline -0.009 0"><span class='ocrx_word' id='word_1_1' title='bbox 345 457 411 522; x_wconf 76' lang='lat'><strong>236</strong></span> <span class='ocrx_word' id='word_1_2' title='bbox 594 471 728 520; x_wconf 84' lang='lat' dir='ltr'><strong>noonnr</strong></span> <span class='ocrx_word' id='word_1_3' title='bbox 752 470 799 517; x_wconf 86' lang='lat' dir='ltr'><strong>nn</strong></span> <span class='ocrx_word' id='word_1_4' title='bbox 823 469 1030 517; x_wconf 80' lang='lat' dir='ltr'><strong>wsunovnn</strong></span> 
     </span>
    </p>
   </div>
   <div class='ocr_carea' id='block_1_2' title="bbox 181 626 1297 1979">
    <p class='ocr_par' dir='ltr' id='par_1_2' title="bbox 181 626 1297 1979">
     <span class='ocr_line' id='line_1_2' title="bbox 181 626 1295 711; baseline -0.001 -25"><span class='ocrx_word' id='word_1_5' title='bbox 181 646 304 687; x_wconf 63' lang='lat' dir='ltr'><strong>snum.</strong></span> <span class='ocrx_word' id='word_1_6' title='bbox 344 629 438 707; x_wconf 88' lang='lat' dir='ltr'><strong>dnm,</strong></span> <span class='ocrx_word' id='word_1_7' title='bbox 462 628 521 711; x_wconf 92' lang='lat' dir='ltr'><strong>qui</strong></span> <span class='ocrx_word' id='word_1_8' title='bbox 546 626 679 693; x_wconf 89' lang='lat' dir='ltr'><strong>adhoc</strong></span> <span class='ocrx_word' id='word_1_9' title='bbox 702 634 883 703; x_wconf 87' lang='lat' dir='ltr'><strong>venerunt,</strong></span> <span class='ocrx_word' id='word_1_10' title='bbox 900 634 941 689; x_wconf 92' lang='lat' dir='ltr'><strong>ut</strong></span> <span class='ocrx_word' id='word_1_11' title='bbox 965 644 1085 707; x_wconf 90' lang='lat' dir='ltr'><strong>pacem</strong></span> <span class='ocrx_word' id='word_1_12' title='bbox 1107 626 1197 689; x_wconf 89' lang='lat' dir='ltr'><strong>inter</strong></span> <span class='ocrx_word' id='word_1_13' title='bbox 1216 645 1295 706; x_wconf 86' lang='lat' dir='ltr'><strong>reg·</strong></span> 
     </span>
     <span class='ocr_line' id='line_1_3' title="bbox 342 723 1294 791; baseline -0.005 0"><span class='ocrx_word' id='word_1_14' title='bbox 342 748 425 791; x_wconf 91' lang='lat' dir='ltr'><strong>num</strong></span> <span class='ocrx_word' id='word_1_15' title='bbox 449 735 485 791; x_wconf 88' lang='lat' dir='ltr'><strong>et</strong></span> <span class='ocrx_word' id='word_1_16' title='bbox 499 728 728 791; x_wconf 76' lang='lat' dir='ltr'><strong>sacerdotium</strong></span> <span class='ocrx_word' id='word_1_17' title='bbox 743 726 981 790; x_wconf 80' lang='lat' dir='ltr'><strong>reformarent.</strong></span> <span class='ocrx_word' id='word_1_18' title='bbox 1020 724 1101 788; x_wconf 85' lang='lat' dir='ltr'><strong>Rex</strong></span> <span class='ocrx_word' id='word_1_19' title='bbox 1116 731 1232 788; x_wconf 87' lang='lat' dir='ltr'><strong>autem</strong></span> <span class='ocrx_word' id='word_1_20' title='bbox 1249 723 1294 786; x_wconf 93' lang='lat' dir='ltr'><strong>ad</strong></span> 
     </span>
     <span class='ocr_line' id='line_1_4' title="bbox 344 825 1296 906; baseline -0.004 -16"><span class='ocrx_word' id='word_1_21' title='bbox 344 827 620 891; x_wconf 77' lang='lat' dir='ltr'><strong>exhortationem</strong></span> <span class='ocrx_word' id='word_1_22' title='bbox 634 827 833 889; x_wconf 90' lang='lat' dir='ltr'><strong>nuntiorum</strong></span> <span class='ocrx_word' id='word_1_23' title='bbox 854 831 1035 906; x_wconf 79' lang='lat' dir='ltr'><strong>gratanter</strong></span> <span class='ocrx_word' id='word_1_24' title='bbox 1055 825 1238 899; x_wconf 84' lang='lat' dir='ltr'><strong>concessit,</strong></span> <span class='ocrx_word' id='word_1_25' title='bbox 1257 831 1296 886; x_wconf 90' lang='lat' dir='ltr'><strong>ut</strong></span> 
     </span>
     <span class='ocr_line' id='line_1_5' title="bbox 344 923 1297 1009; baseline -0.005 -19"><span class='ocrx_word' id='word_1_26' title='bbox 344 926 623 1009; x_wconf 77' lang='lat' dir='ltr'><strong>archiepiscopus</strong></span> <span class='ocrx_word' id='word_1_27' title='bbox 654 923 916 989; x_wconf 84' lang='lat' dir='ltr'><strong>Cantuariensis</strong></span> <span class='ocrx_word' id='word_1_28' title='bbox 942 930 978 986; x_wconf 89' lang='lat' dir='ltr'><strong>et</strong></span> <span class='ocrx_word' id='word_1_29' title='bbox 997 923 1168 999; x_wconf 92' lang='lat' dir='ltr'><strong>monachi,</strong></span> <span class='ocrx_word' id='word_1_30' title='bbox 1190 930 1297 1003; x_wconf 87' lang='lat' dir='ltr'><strong>atque</strong></span> 
     </span>
     <span class='ocr_line' id='line_1_6' title="bbox 344 1022 1295 1106; baseline -0.005 -17"><span class='ocrx_word' id='word_1_31' title='bbox 344 1044 463 1089; x_wconf 89' lang='lat' dir='ltr'><strong>omnes</strong></span> <span class='ocrx_word' id='word_1_32' title='bbox 485 1025 637 1106; x_wconf 85' lang='lat' dir='ltr'><strong>episcopi</strong></span> <span class='ocrx_word' id='word_1_33' title='bbox 660 1025 705 1087; x_wconf 88' lang='lat' dir='ltr'><strong>ab</strong></span> <span class='ocrx_word' id='word_1_34' title='bbox 727 1022 857 1105; x_wconf 81' lang='lat' dir='ltr'><strong>Anglia</strong></span> <span class='ocrx_word' id='word_1_35' title='bbox 879 1022 1076 1104; x_wconf 88' lang='lat' dir='ltr'><strong>proscripti,</strong></span> <span class='ocrx_word' id='word_1_36' title='bbox 1102 1040 1180 1085; x_wconf 91' lang='lat' dir='ltr'><strong>cum</strong></span> <span class='ocrx_word' id='word_1_37' title='bbox 1209 1040 1295 1102; x_wconf 88' lang='lat' dir='ltr'><strong>pace</strong></span> 
     </span>
     <span class='ocr_line' id='line_1_7' title="bbox 344 1119 1296 1206; baseline -0.003 -20"><span class='ocrx_word' id='word_1_38' title='bbox 344 1142 410 1187; x_wconf 87' lang='lat' dir='ltr'><strong>sua</strong></span> <span class='ocrx_word' id='word_1_39' title='bbox 424 1123 573 1187; x_wconf 88' lang='lat' dir='ltr'><strong>redirent</strong></span> <span class='ocrx_word' id='word_1_40' title='bbox 591 1122 634 1186; x_wconf 91' lang='lat' dir='ltr'><strong>ad</strong></span> <span class='ocrx_word' id='word_1_41' title='bbox 653 1123 794 1206; x_wconf 89' lang='lat' dir='ltr'><strong>propria</strong></span> <span class='ocrx_word' id='word_1_42' title='bbox 807 1142 817 1200; x_wconf 82' lang='lat'>3</span> <span class='ocrx_word' id='word_1_43' title='bbox 836 1121 910 1198; x_wconf 91' lang='lat' dir='ltr'><strong>sed,</strong></span> <span class='ocrx_word' id='word_1_44' title='bbox 924 1122 1007 1203; x_wconf 89' lang='lat' dir='ltr'><strong>quia</strong></span> <span class='ocrx_word' id='word_1_45' title='bbox 1023 1120 1067 1184; x_wconf 88' lang='lat' dir='ltr'><strong>de</strong></span> <span class='ocrx_word' id='word_1_46' title='bbox 1081 1121 1217 1184; x_wconf 87' lang='lat' dir='ltr'><strong>damnis</strong></span> <span class='ocrx_word' id='word_1_47' title='bbox 1235 1119 1296 1183; x_wconf 85' lang='lat' dir='ltr'><strong>da-</strong></span> 
     </span>
     <span class='ocr_line' id='line_1_8' title="bbox 346 1217 1294 1300; baseline -0.005 -14"><span class='ocrx_word' id='word_1_48' title='bbox 346 1224 391 1286; x_wconf 88' lang='lat' dir='ltr'><strong>tis</strong></span> <span class='ocrx_word' id='word_1_49' title='bbox 418 1231 454 1286; x_wconf 87' lang='lat' dir='ltr'><strong>et</strong></span> <span class='ocrx_word' id='word_1_50' title='bbox 483 1222 647 1286; x_wconf 88' lang='lat' dir='ltr'><strong>debonis</strong></span> <span class='ocrx_word' id='word_1_51' title='bbox 672 1241 791 1286; x_wconf 92' lang='lat' dir='ltr'><strong>eorum</strong></span> <span class='ocrx_word' id='word_1_52' title='bbox 817 1221 1013 1283; x_wconf 88' lang='lat' dir='ltr'><strong>confiscatis</strong></span> <span class='ocrx_word' id='word_1_53' title='bbox 1038 1239 1099 1282; x_wconf 89' lang='lat' dir='ltr'><strong>rex</strong></span> <span class='ocrx_word' id='word_1_54' title='bbox 1124 1217 1294 1300; x_wconf 87' lang='lat' dir='ltr'><strong>archiepi-</strong></span> 
     </span>
     <span class='ocr_line' id='line_1_9' title="bbox 344 1312 1295 1403; baseline -0.004 -18"><span class='ocrx_word' id='word_1_55' title='bbox 344 1340 452 1403; x_wconf 89' lang='lat' dir='ltr'><strong>scopo</strong></span> <span class='ocrx_word' id='word_1_56' title='bbox 476 1329 512 1384; x_wconf 92' lang='lat' dir='ltr'><strong>et</strong></span> <span class='ocrx_word' id='word_1_57' title='bbox 530 1321 702 1403; x_wconf 87' lang='lat' dir='ltr'><strong>episcopis</strong></span> <span class='ocrx_word' id='word_1_58' title='bbox 723 1319 924 1384; x_wconf 87' lang='lat' dir='ltr'><strong>satisfacere</strong></span> <span class='ocrx_word' id='word_1_59' title='bbox 948 1318 1069 1395; x_wconf 90' lang='lat' dir='ltr'><strong>noluit,</strong></span> <span class='ocrx_word' id='word_1_60' title='bbox 1090 1312 1221 1382; x_wconf 84' lang='lat' dir='ltr'><strong>¹nuntii</strong></span> <span class='ocrx_word' id='word_1_61' title='bbox 1243 1319 1295 1381; x_wconf 92' lang='lat' dir='ltr'><strong>in-</strong></span> 
     </span>
     <span class='ocr_line' id='line_1_10' title="bbox 346 1417 1294 1500; baseline -0.003 -17"><span class='ocrx_word' id='word_1_62' title='bbox 346 1419 437 1484; x_wconf 88' lang='lat' dir='ltr'><strong>fecto</strong></span> <span class='ocrx_word' id='word_1_63' title='bbox 452 1421 591 1500; x_wconf 77' lang='lat' dir='ltr'><strong>negotio</strong></span> <span class='ocrx_word' id='word_1_64' title='bbox 614 1420 658 1483; x_wconf 84' lang='lat' dir='ltr'><strong>ad</strong></span> <span class='ocrx_word' id='word_1_65' title='bbox 675 1418 811 1483; x_wconf 86' lang='lat' dir='ltr'><strong>Gallias</strong></span> <span class='ocrx_word' id='word_1_66' title='bbox 833 1425 1041 1482; x_wconf 86' lang='lat' dir='ltr'><strong>remearunt.</strong></span> <span class='ocrx_word' id='word_1_67' title='bbox 1094 1417 1174 1496; x_wconf 87' lang='lat' dir='ltr'><strong>Quo</strong></span> <span class='ocrx_word' id='word_1_68' title='bbox 1190 1418 1294 1494; x_wconf 84' lang='lat' dir='ltr'><strong>facto,</strong></span> 
     </span>
     <span class='ocr_line' id='line_1_11' title="bbox 345 1517 1293 1601; baseline -0.002 -19"><span class='ocrx_word' id='word_1_69' title='bbox 345 1538 407 1582; x_wconf 87' lang='lat' dir='ltr'><strong>rex</strong></span> <span class='ocrx_word' id='word_1_70' title='bbox 425 1517 448 1581; x_wconf 86' lang='lat' dir='ltr'>J</span> <span class='ocrx_word' id='word_1_71' title='bbox 451 1519 604 1583; x_wconf 84' lang='lat' dir='ltr'><strong>ohannes</strong></span> <span class='ocrx_word' id='word_1_72' title='bbox 626 1519 719 1601; x_wconf 88' lang='lat' dir='ltr'><strong>cepit</strong></span> <span class='ocrx_word' id='word_1_73' title='bbox 740 1536 762 1581; x_wconf 89' lang='lat' dir='ltr'><strong>a</strong></span> <span class='ocrx_word' id='word_1_74' title='bbox 783 1517 963 1593; x_wconf 85' lang='lat' dir='ltr'><strong>militibus,</strong></span> <span class='ocrx_word' id='word_1_75' title='bbox 985 1518 1045 1598; x_wconf 91' lang='lat' dir='ltr'><strong>qui</strong></span> <span class='ocrx_word' id='word_1_76' title='bbox 1066 1517 1237 1581; x_wconf 80' lang='lat' dir='ltr'><strong>exercitui</strong></span> <span class='ocrx_word' id='word_1_77' title='bbox 1258 1517 1293 1580; x_wconf 94' lang='lat' dir='ltr'><strong>in</strong></span> 
     </span>
     <span class='ocr_line' id='line_1_12' title="bbox 345 1615 1295 1698; baseline -0.003 -17"><span class='ocrx_word' id='word_1_78' title='bbox 345 1617 476 1681; x_wconf 84' lang='lat' dir='ltr'><strong>Wallia</strong></span> <span class='ocrx_word' id='word_1_79' title='bbox 496 1638 565 1682; x_wconf 93' lang='lat' dir='ltr'><strong>non</strong></span> <span class='ocrx_word' id='word_1_80' title='bbox 586 1617 829 1692; x_wconf 84' lang='lat' dir='ltr'><strong>interfuerunt,</strong></span> <span class='ocrx_word' id='word_1_81' title='bbox 849 1616 892 1679; x_wconf 92' lang='lat' dir='ltr'><strong>de</strong></span> <span class='ocrx_word' id='word_1_82' title='bbox 910 1615 1063 1698; x_wconf 88' lang='lat' dir='ltr'><strong>quolibet</strong></span> <span class='ocrx_word' id='word_1_83' title='bbox 1085 1623 1185 1680; x_wconf 92' lang='lat' dir='ltr'><strong>scuto</strong></span> <span class='ocrx_word' id='word_1_84' title='bbox 1207 1616 1295 1678; x_wconf 83' lang='lat' dir='ltr'><strong>duas</strong></span> 
     </span>
     <span class='ocr_line' id='line_1_13' title="bbox 345 1714 1296 1797; baseline -0.002 -19"><span class='ocrx_word' id='word_1_85' title='bbox 345 1735 480 1780; x_wconf 84' lang='lat' dir='ltr'><strong>marcas</strong></span> <span class='ocrx_word' id='word_1_86' title='bbox 495 1718 642 1797; x_wconf 77' lang='lat' dir='ltr'><strong>argenti.</strong></span> <span class='ocrx_word' id='word_1_87' title='bbox 691 1715 819 1779; x_wconf 89' lang='lat' dir='ltr'><strong>Eodem</strong></span> <span class='ocrx_word' id='word_1_88' title='bbox 834 1734 928 1779; x_wconf 87' lang='lat' dir='ltr'><strong>anno</strong></span> <span class='ocrx_word' id='word_1_89' title='bbox 941 1716 996 1778; x_wconf 87' lang='lat' dir='ltr'><strong>vir</strong></span> <span class='ocrx_word' id='word_1_90' title='bbox 1009 1714 1133 1778; x_wconf 87' lang='lat' dir='ltr'><strong>nobilis</strong></span> <span class='ocrx_word' id='word_1_91' title='bbox 1150 1725 1186 1778; x_wconf 85' lang='lat' dir='ltr'><strong>et</strong></span> <span class='ocrx_word' id='word_1_92' title='bbox 1197 1714 1296 1777; x_wconf 91' lang='lat' dir='ltr'><strong>miles</strong></span> 
     </span>
     <span class='ocr_line' id='line_1_14' title="bbox 345 1814 1295 1908; baseline 0 -30"><span class='ocrx_word' id='word_1_93' title='bbox 345 1816 506 1908; x_wconf 77' lang='lat' dir='ltr'><strong>egregius</strong></span> <span class='ocrx_word' id='word_1_94' title='bbox 524 1816 698 1898; x_wconf 79' lang='lat' dir='ltr'><strong>Rogerus,</strong></span> <span class='ocrx_word' id='word_1_95' title='bbox 715 1814 861 1879; x_wconf 83' lang='lat' dir='ltr'><strong>Cestriae</strong></span> <span class='ocrx_word' id='word_1_96' title='bbox 882 1814 1173 1891; x_wconf 88' lang='lat' dir='ltr'><strong>constabularius,</strong></span> <span class='ocrx_word' id='word_1_97' title='bbox 1188 1816 1295 1878; x_wconf 84' lang='lat' dir='ltr'><strong>vitam</strong></span> 
     </span>
     <span class='ocr_line' id='line_1_15' title="bbox 346 1914 470 1979; baseline 0.024 -3"><span class='ocrx_word' id='word_1_98' title='bbox 346 1914 470 1979; x_wconf 87' lang='lat' dir='ltr'><strong>finivit.</strong></span> 
     </span>
    </p>
   </div>
   <div class='ocr_carea' id='block_1_3' title="bbox 291 2051 1261 2251">
    <p class='ocr_par' dir='ltr' id='par_1_3' title="bbox 291 2051 1261 2251">
     <span class='ocr_line' id='line_1_16' title="bbox 291 2051 1261 2173; baseline 0.007 -28"><span class='ocrx_word' id='word_1_99' title='bbox 291 2051 294 2058; x_wconf 27' lang='grc' dir='ltr'>Ι</span> <span class='ocrx_word' id='word_1_100' title='bbox 377 2082 419 2146; x_wconf 84' lang='lat' dir='ltr'><strong>Ut</strong></span> <span class='ocrx_word' id='word_1_101' title='bbox 433 2104 487 2148; x_wconf 76' lang='lat' dir='ltr'><strong>rea</strong></span> <span class='ocrx_word' id='word_1_102' title='bbox 500 2085 698 2150; x_wconf 75' lang='lat' dir='ltr'><strong>Francorum</strong></span> <span class='ocrx_word' id='word_1_103' title='bbox 715 2086 937 2173; x_wconf 73' lang='lat' dir='ltr'><strong>Rapiocldum,</strong></span> <span class='ocrx_word' id='word_1_104' title='bbox 952 2088 1087 2153; x_wconf 78' lang='lat' dir='ltr'><strong>comitam</strong></span> <span class='ocrx_word' id='word_1_105' title='bbox 1104 2088 1261 2165; x_wconf 71' lang='lat' dir='ltr'><strong>Bononia,</strong></span> 
     </span>
     <span class='ocr_line' id='line_1_17' title="bbox 729 2186 923 2251; baseline 0.005 -1"><span class='ocrx_word' id='word_1_106' title='bbox 729 2186 923 2251; x_wconf 74' lang='lat' dir='ltr'><strong>eesolooorit.</strong></span> 
     </span>
    </p>
   </div>
   <div class='ocr_carea' id='block_1_4' title="bbox 183 2306 1327 3383">
    <p class='ocr_par' dir='ltr' id='par_1_4' title="bbox 183 2306 1296 2417">
     <span class='ocr_line' id='line_1_18' title="bbox 183 2306 1296 2417; baseline 0.008 -50"><span class='ocrx_word' id='word_1_107' title='bbox 183 2326 295 2417; x_wconf 55' lang='lat' dir='ltr'><strong>spina</strong></span> <span class='ocrx_word' id='word_1_108' title='bbox 397 2306 526 2371; x_wconf 88' lang='lat' dir='ltr'><strong>Eodem</strong></span> <span class='ocrx_word' id='word_1_109' title='bbox 547 2314 701 2388; x_wconf 87' lang='lat' dir='ltr'><strong>tempore</strong></span> <span class='ocrx_word' id='word_1_110' title='bbox 727 2309 955 2391; x_wconf 80' lang='lat' dir='ltr'><strong>Reginaldus,</strong></span> <span class='ocrx_word' id='word_1_111' title='bbox 977 2330 1091 2375; x_wconf 87' lang='lat' dir='ltr'><strong>comes</strong></span> <span class='ocrx_word' id='word_1_112' title='bbox 1116 2312 1296 2389; x_wconf 86' lang='lat' dir='ltr'><strong>Bononiae,</strong></span> 
     </span>
    </p>

    <p class='ocr_par' dir='ltr' id='par_1_5' title="bbox 184 2377 1296 2516">
     <span class='ocr_line' id='line_1_19' title="bbox 184 2377 1296 2516; baseline 0.006 -48"><span class='ocrx_word' id='word_1_113' title='bbox 184 2377 300 2516; x_wconf 45' lang='lat' dir='ltr'><strong>Q·</strong></span> <span class='ocrx_word' id='word_1_114' title='bbox 346 2405 400 2469; x_wconf 89' lang='lat' dir='ltr'><strong>vir</strong></span> <span class='ocrx_word' id='word_1_115' title='bbox 422 2413 582 2470; x_wconf 87' lang='lat' dir='ltr'><strong>strenuus</strong></span> <span class='ocrx_word' id='word_1_116' title='bbox 606 2413 642 2470; x_wconf 85' lang='lat' dir='ltr'><strong>et</strong></span> <span class='ocrx_word' id='word_1_117' title='bbox 662 2407 699 2470; x_wconf 92' lang='lat' dir='ltr'><strong>in</strong></span> <span class='ocrx_word' id='word_1_118' title='bbox 721 2416 796 2472; x_wconf 87' lang='lat' dir='ltr'><strong>arte</strong></span> <span class='ocrx_word' id='word_1_119' title='bbox 816 2409 958 2473; x_wconf 85' lang='lat' dir='ltr'><strong>militari</strong></span> <span class='ocrx_word' id='word_1_120' title='bbox 975 2409 1252 2492; x_wconf 88' lang='lat' dir='ltr'><strong>probatissimus,</strong></span> <span class='ocrx_word' id='word_1_121' title='bbox 1274 2430 1296 2475; x_wconf 89' lang='lat' dir='ltr'><strong>a</strong></span> 
     </span>
    </p>

    <p class='ocr_par' dir='ltr' id='par_1_6' title="bbox 184 2503 1327 3383">
     <span class='ocr_line' id='line_1_20' title="bbox 184 2503 1327 2589; baseline 0.003 -22"><span class='ocrx_word' id='word_1_122' title='bbox 184 2527 271 2567; x_wconf 70' lang='lat' dir='ltr'><strong>rme.</strong></span> <span class='ocrx_word' id='word_1_123' title='bbox 347 2504 523 2589; x_wconf 88' lang='lat' dir='ltr'><strong>Philippo,</strong></span> <span class='ocrx_word' id='word_1_124' title='bbox 544 2525 626 2587; x_wconf 83' lang='lat' dir='ltr'><strong>rege</strong></span> <span class='ocrx_word' id='word_1_125' title='bbox 646 2503 871 2585; x_wconf 87' lang='lat' dir='ltr'><strong>Francorum,</strong></span> <span class='ocrx_word' id='word_1_126' title='bbox 886 2508 929 2573; x_wconf 89' lang='lat' dir='ltr'><strong>de</strong></span> <span class='ocrx_word' id='word_1_127' title='bbox 947 2510 1114 2573; x_wconf 83' lang='lat' dir='ltr'><strong>comitatu</strong></span> <span class='ocrx_word' id='word_1_128' title='bbox 1138 2529 1204 2574; x_wconf 92' lang='lat' dir='ltr'><strong>suo</strong></span> <span class='ocrx_word' id='word_1_129' title='bbox 1225 2504 1296 2573; x_wconf 79' lang='lat' dir='ltr'><strong>&#39;in-</strong></span> <span class='ocrx_word' id='word_1_130' title='bbox 1324 2562 1327 2571; x_wconf 95' lang='lat'>.</span> 
     </span>
     <span class='ocr_line' id='line_1_21' title="bbox 340 2604 1295 2691; baseline 0.004 -22"><span class='ocrx_word' id='word_1_131' title='bbox 340 2604 436 2688; x_wconf 85' lang='lat' dir='ltr'><strong>juste</strong></span> <span class='ocrx_word' id='word_1_132' title='bbox 453 2604 621 2687; x_wconf 88' lang='lat' dir='ltr'><strong>expulsus</strong></span> <span class='ocrx_word' id='word_1_133' title='bbox 632 2613 667 2670; x_wconf 87' lang='lat' dir='ltr'><strong>et</strong></span> <span class='ocrx_word' id='word_1_134' title='bbox 679 2605 779 2669; x_wconf 92' lang='lat' dir='ltr'><strong>bonis</strong></span> <span class='ocrx_word' id='word_1_135' title='bbox 795 2608 954 2672; x_wconf 92' lang='lat' dir='ltr'><strong>omnibus</strong></span> <span class='ocrx_word' id='word_1_136' title='bbox 968 2608 1126 2689; x_wconf 85' lang='lat' dir='ltr'><strong>privatus</strong></span> <span class='ocrx_word' id='word_1_137' title='bbox 1140 2617 1210 2688; x_wconf 80' lang='lat' dir='ltr'><strong>est3</strong></span> <span class='ocrx_word' id='word_1_138' title='bbox 1226 2629 1295 2691; x_wconf 92' lang='lat' dir='ltr'><strong>quo</strong></span> 
     </span>
     <span class='ocr_line' id='line_1_22' title="bbox 345 2704 1297 2789; baseline 0.006 -23"><span class='ocrx_word' id='word_1_139' title='bbox 345 2705 504 2787; x_wconf 82' lang='lat' dir='ltr'><strong>expulso,</strong></span> <span class='ocrx_word' id='word_1_140' title='bbox 521 2724 583 2767; x_wconf 80' lang='lat' dir='ltr'><strong>res</strong></span> <span class='ocrx_word' id='word_1_141' title='bbox 602 2704 814 2769; x_wconf 86' lang='lat' dir='ltr'><strong>Francorum</strong></span> <span class='ocrx_word' id='word_1_142' title='bbox 836 2706 930 2771; x_wconf 89' lang='lat' dir='ltr'><strong>dedit</strong></span> <span class='ocrx_word' id='word_1_143' title='bbox 954 2704 1117 2789; x_wconf 88' lang='lat' dir='ltr'><strong>Philippo</strong></span> <span class='ocrx_word' id='word_1_144' title='bbox 1140 2708 1211 2772; x_wconf 87' lang='lat' dir='ltr'><strong>filio</strong></span> <span class='ocrx_word' id='word_1_145' title='bbox 1233 2728 1297 2773; x_wconf 92' lang='lat' dir='ltr'><strong>suo</strong></span> 
     </span>
     <span class='ocr_line' id='line_1_23' title="bbox 346 2802 1297 2889; baseline 0.004 -23"><span class='ocrx_word' id='word_1_146' title='bbox 346 2805 546 2867; x_wconf 89' lang='lat' dir='ltr'><strong>comitatum</strong></span> <span class='ocrx_word' id='word_1_147' title='bbox 577 2802 686 2879; x_wconf 92' lang='lat' dir='ltr'><strong>illum,</strong></span> <span class='ocrx_word' id='word_1_148' title='bbox 712 2824 790 2869; x_wconf 92' lang='lat' dir='ltr'><strong>cum</strong></span> <span class='ocrx_word' id='word_1_149' title='bbox 818 2804 890 2867; x_wconf 87' lang='lat' dir='ltr'><strong>filia</strong></span> <span class='ocrx_word' id='word_1_150' title='bbox 920 2813 955 2869; x_wconf 90' lang='lat' dir='ltr'><strong>et</strong></span> <span class='ocrx_word' id='word_1_151' title='bbox 980 2805 1115 2871; x_wconf 84' lang='lat' dir='ltr'><strong>haerede</strong></span> <span class='ocrx_word' id='word_1_152' title='bbox 1140 2807 1297 2889; x_wconf 83' lang='lat' dir='ltr'><strong>legitima</strong></span> 
     </span>
     <span class='ocr_line' id='line_1_24' title="bbox 347 2901 1296 2987; baseline 0.005 -23"><span class='ocrx_word' id='word_1_153' title='bbox 347 2903 483 2965; x_wconf 88' lang='lat' dir='ltr'><strong>comitis</strong></span> <span class='ocrx_word' id='word_1_154' title='bbox 514 2901 706 2979; x_wconf 85' lang='lat' dir='ltr'><strong>memorati,</strong></span> <span class='ocrx_word' id='word_1_155' title='bbox 733 2903 813 2987; x_wconf 86' lang='lat' dir='ltr'><strong>jure</strong></span> <span class='ocrx_word' id='word_1_156' title='bbox 843 2913 1011 2986; x_wconf 91' lang='lat' dir='ltr'><strong>perpetuo</strong></span> <span class='ocrx_word' id='word_1_157' title='bbox 1039 2906 1296 2986; x_wconf 88' lang='lat' dir='ltr'><strong>possidendum.</strong></span> 
     </span>
     <span class='ocr_line' id='line_1_25' title="bbox 348 2999 1297 3084; baseline 0.006 -20"><span class='ocrx_word' id='word_1_158' title='bbox 348 2999 473 3064; x_wconf 87' lang='lat' dir='ltr'><strong>Comes</strong></span> <span class='ocrx_word' id='word_1_159' title='bbox 495 3020 577 3063; x_wconf 85' lang='lat' dir='ltr'><strong>vcro</strong></span> <span class='ocrx_word' id='word_1_160' title='bbox 602 3000 819 3082; x_wconf 82' lang='lat' dir='ltr'><strong>Reginaldus</strong></span> <span class='ocrx_word' id='word_1_161' title='bbox 853 3003 889 3065; x_wconf 94' lang='lat' dir='ltr'><strong>in</strong></span> <span class='ocrx_word' id='word_1_162' title='bbox 916 3002 1080 3084; x_wconf 84' lang='lat' dir='ltr'><strong>Angliam</strong></span> <span class='ocrx_word' id='word_1_163' title='bbox 1107 3006 1250 3068; x_wconf 85' lang='lat' dir='ltr'><strong>veniens</strong></span> <span class='ocrx_word' id='word_1_164' title='bbox 1275 3025 1297 3070; x_wconf 88' lang='lat' dir='ltr'><strong>a</strong></span> 
     </span>
     <span class='ocr_line' id='line_1_26' title="bbox 347 3097 1298 3189; baseline 0.009 -29"><span class='ocrx_word' id='word_1_165' title='bbox 347 3118 428 3179; x_wconf 85' lang='lat' dir='ltr'><strong>rege</strong></span> <span class='ocrx_word' id='word_1_166' title='bbox 443 3097 604 3162; x_wconf 85' lang='lat' dir='ltr'><strong>Johanne</strong></span> <span class='ocrx_word' id='word_1_167' title='bbox 622 3099 809 3164; x_wconf 90' lang='lat' dir='ltr'><strong>honorifice</strong></span> <span class='ocrx_word' id='word_1_168' title='bbox 831 3110 1013 3185; x_wconf 86' lang='lat' dir='ltr'><strong>susceptus</strong></span> <span class='ocrx_word' id='word_1_169' title='bbox 1037 3110 1103 3179; x_wconf 87' lang='lat' dir='ltr'><strong>est,</strong></span> <span class='ocrx_word' id='word_1_170' title='bbox 1126 3104 1170 3167; x_wconf 90' lang='lat' dir='ltr'><strong>de</strong></span> <span class='ocrx_word' id='word_1_171' title='bbox 1195 3105 1298 3189; x_wconf 90' lang='lat' dir='ltr'><strong>cnjus</strong></span> 
     </span>
     <span class='ocr_line' id='line_1_27' title="bbox 347 3196 1297 3268; baseline 0.008 -8"><span class='ocrx_word' id='word_1_172' title='bbox 347 3196 555 3262; x_wconf 83' lang='lat' dir='ltr'><strong>liberalitate</strong></span> <span class='ocrx_word' id='word_1_173' title='bbox 584 3198 672 3262; x_wconf 91' lang='lat' dir='ltr'><strong>idem</strong></span> <span class='ocrx_word' id='word_1_174' title='bbox 699 3219 814 3264; x_wconf 87' lang='lat' dir='ltr'><strong>comes</strong></span> <span class='ocrx_word' id='word_1_175' title='bbox 836 3208 1010 3265; x_wconf 88' lang='lat' dir='ltr'><strong>trecentas</strong></span> <span class='ocrx_word' id='word_1_176' title='bbox 1031 3201 1176 3266; x_wconf 86' lang='lat' dir='ltr'><strong>libratas</strong></span> <span class='ocrx_word' id='word_1_177' title='bbox 1196 3211 1297 3268; x_wconf 78' lang='lat' dir='ltr'><strong>terre</strong></span> 
     </span>
     <span class='ocr_line' id='line_1_28' title="bbox 345 3296 1297 3383; baseline 0.009 -25"><span class='ocrx_word' id='word_1_178' title='bbox 345 3296 445 3378; x_wconf 80' lang='lat' dir='ltr'><strong>larga</strong></span> <span class='ocrx_word' id='word_1_179' title='bbox 459 3296 700 3362; x_wconf 89' lang='lat' dir='ltr'><strong>distributione</strong></span> <span class='ocrx_word' id='word_1_180' title='bbox 716 3298 908 3383; x_wconf 90' lang='lat' dir='ltr'><strong>suscipiens</strong></span> <span class='ocrx_word' id='word_1_181' title='bbox 922 3301 996 3382; x_wconf 80' lang='lat' dir='ltr'><strong>regi</strong></span> <span class='ocrx_word' id='word_1_182' title='bbox 1012 3310 1202 3366; x_wconf 88' lang='lat' dir='ltr'><strong>memorato</strong></span> <span class='ocrx_word' id='word_1_183' title='bbox 1218 3296 1297 3367; x_wconf 81' lang='lat' dir='ltr'><strong>³ho-</strong></span> 
     </span>
    </p>
   </div>
   <div class='ocr_carea' id='block_1_5' title="bbox 347 3396 874 3477">
    <p class='ocr_par' dir='ltr' id='par_1_7' title="bbox 347 3396 874 3477">
     <span class='ocr_line' id='line_1_29' title="bbox 347 3396 874 3477; baseline 0.008 -17"><span class='ocrx_word' id='word_1_184' title='bbox 347 3396 499 3477; x_wconf 80' lang='lat' dir='ltr'><strong>magiam</strong></span> <span class='ocrx_word' id='word_1_185' title='bbox 513 3405 548 3461; x_wconf 91' lang='lat' dir='ltr'><strong>et</strong></span> <span class='ocrx_word' id='word_1_186' title='bbox 563 3396 763 3462; x_wconf 87' lang='lat' dir='ltr'><strong>fidelitatem</strong></span> <span class='ocrx_word' id='word_1_187' title='bbox 782 3398 874 3464; x_wconf 88' lang='lat' dir='ltr'><strong>fecit.</strong></span> 
     </span>
    </p>
   </div>
   <div class='ocr_carea' id='block_1_6' title="bbox 266 3594 1319 4220">
    <p class='ocr_par' dir='ltr' id='par_1_8' title="bbox 346 3594 1297 4080">
     <span class='ocr_line' id='line_1_30' title="bbox 383 3594 1296 3670; baseline 0.014 -25"><span class='ocrx_word' id='word_1_188' title='bbox 383 3594 492 3646; x_wconf 75' lang='lat' dir='ltr'><strong>&#39;Nuntii</strong></span> <span class='ocrx_word' id='word_1_189' title='bbox 503 3598 590 3657; x_wconf 59' lang='lat' dir='ltr'><strong>infecto</strong></span> <span class='ocrx_word' id='word_1_190' title='bbox 600 3599 697 3661; x_wconf 77' lang='lat' dir='ltr'><strong>negotio</strong></span> <span class='ocrx_word' id='word_1_191' title='bbox 705 3600 736 3648; x_wconf 78' lang='lat' dir='ltr'><strong>od</strong></span> <span class='ocrx_word' id='word_1_192' title='bbox 748 3600 807 3649; x_wconf 77' lang='lat' dir='ltr'><strong>Gol-</strong></span> <span class='ocrx_word' id='word_1_193' title='bbox 831 3602 861 3650; x_wconf 86' lang='lat' dir='ltr'><strong>os</strong></span> <span class='ocrx_word' id='word_1_194' title='bbox 874 3603 915 3652; x_wconf 85' lang='lat' dir='ltr'><strong>his</strong></span> <span class='ocrx_word' id='word_1_195' title='bbox 929 3603 1116 3666; x_wconf 69' lang='lat' dir='ltr'><strong>disagreemeut</strong></span> <span class='ocrx_word' id='word_1_196' title='bbox 1130 3607 1194 3655; x_wconf 80' lang='lat' dir='ltr'><strong>with</strong></span> <span class='ocrx_word' id='word_1_197' title='bbox 1209 3607 1296 3670; x_wconf 85' lang='lat' dir='ltr'><strong>Philip</strong></span> 
     </span>
     <span class='ocr_line' id='line_1_31' title="bbox 346 3667 1297 3736; baseline 0.011 -20"><span class='ocrx_word' id='word_1_198' title='bbox 346 3667 394 3716; x_wconf 70' lang='lat' dir='ltr'><strong>iios</strong></span> <span class='ocrx_word' id='word_1_199' title='bbox 412 3669 570 3731; x_wconf 69' lang='lat' dir='ltr'><strong>romanat]</strong></span> <span class='ocrx_word' id='word_1_200' title='bbox 595 3668 650 3717; x_wconf 82' lang='lat' dir='ltr'><strong>The</strong></span> <span class='ocrx_word' id='word_1_201' title='bbox 667 3669 765 3719; x_wconf 82' lang='lat' dir='ltr'><strong>Annals</strong></span> <span class='ocrx_word' id='word_1_202' title='bbox 781 3669 811 3718; x_wconf 80' lang='lat' dir='ltr'><strong>oi</strong></span> <span class='ocrx_word' id='word_1_203' title='bbox 832 3686 875 3721; x_wconf 88' lang='lat' dir='ltr'><strong>are</strong></span> <span class='ocrx_word' id='word_1_204' title='bbox 892 3673 1003 3722; x_wconf 86' lang='lat' dir='ltr'><strong>detaiied</strong></span> <span class='ocrx_word' id='word_1_205' title='bbox 1020 3676 1055 3735; x_wconf 78' lang='lat' dir='ltr'><strong>by</strong></span> <span class='ocrx_word' id='word_1_206' title='bbox 1066 3675 1156 3736; x_wconf 70' lang='lat' dir='ltr'><strong>Brito,</strong></span> <span class='ocrx_word' id='word_1_207' title='bbox 1176 3678 1297 3727; x_wconf 73' lang='lat' dir='ltr'><strong>Boedas</strong></span> 
     </span>
     <span class='ocr_line' id='line_1_32' title="bbox 347 3736 1297 3807; baseline 0.015 -24"><span class='ocrx_word' id='word_1_208' title='bbox 347 3736 480 3798; x_wconf 80' lang='lat' dir='ltr'><strong>Waverley</strong></span> <span class='ocrx_word' id='word_1_209' title='bbox 500 3736 551 3786; x_wconf 86' lang='lat' dir='ltr'><strong>and</strong></span> <span class='ocrx_word' id='word_1_210' title='bbox 572 3737 669 3787; x_wconf 84' lang='lat' dir='ltr'><strong>Burton</strong></span> <span class='ocrx_word' id='word_1_211' title='bbox 688 3738 752 3787; x_wconf 83' lang='lat' dir='ltr'><strong>have</strong></span> <span class='ocrx_word' id='word_1_212' title='bbox 768 3753 807 3788; x_wconf 84' lang='lat' dir='ltr'><strong>re·</strong></span> <span class='ocrx_word' id='word_1_213' title='bbox 832 3741 1052 3805; x_wconf 61' lang='lat' dir='ltr'><strong>Histxviipsa.</strong></span> <span class='ocrx_word' id='word_1_214' title='bbox 1071 3745 1196 3807; x_wconf 80' lang='lat' dir='ltr'><strong>Compare</strong></span> <span class='ocrx_word' id='word_1_215' title='bbox 1203 3747 1297 3797; x_wconf 78' lang='lat' dir='ltr'><strong>Chion.</strong></span> 
     </span>
     <span class='ocr_line' id='line_1_33' title="bbox 347 3806 1112 3876; baseline 0.013 -22"><span class='ocrx_word' id='word_1_216' title='bbox 347 3806 440 3855; x_wconf 84' lang='lat' dir='ltr'><strong>corded</strong></span> <span class='ocrx_word' id='word_1_217' title='bbox 449 3821 465 3855; x_wconf 88' lang='lat' dir='ltr'><strong>a</strong></span> <span class='ocrx_word' id='word_1_218' title='bbox 475 3806 535 3869; x_wconf 78' lang='lat' dir='ltr'><strong>long</strong></span> <span class='ocrx_word' id='word_1_219' title='bbox 543 3806 663 3869; x_wconf 78' lang='lat' dir='ltr'><strong>dialogus</strong></span> <span class='ocrx_word' id='word_1_220' title='bbox 674 3822 704 3857; x_wconf 84' lang='lat' dir='ltr'><strong>as</strong></span> <span class='ocrx_word' id='word_1_221' title='bbox 714 3807 808 3871; x_wconf 65' lang='lat' dir='ltr'><strong>hamng</strong></span> <span class='ocrx_word' id='word_1_222' title='bbox 832 3811 865 3860; x_wconf 84' lang='lat' dir='ltr'><strong>de</strong></span> <span class='ocrx_word' id='word_1_223' title='bbox 874 3811 901 3861; x_wconf 86' lang='lat' dir='ltr'><strong>S.</strong></span> <span class='ocrx_word' id='word_1_224' title='bbox 914 3812 1004 3876; x_wconf 85' lang='lat' dir='ltr'><strong>Denis,</strong></span> <span class='ocrx_word' id='word_1_225' title='bbox 1015 3828 1041 3874; x_wconf 89' lang='lat' dir='ltr'><strong>p.</strong></span> <span class='ocrx_word' id='word_1_226' title='bbox 1054 3817 1112 3865; x_wconf 71' lang='lat'><strong>⁸⁹0.</strong></span> 
     </span>
     <span class='ocr_line' id='line_1_34' title="bbox 347 3875 808 3939; baseline 0.007 -16"><span class='ocrx_word' id='word_1_227' title='bbox 347 3875 424 3924; x_wconf 82' lang='lat' dir='ltr'><strong>tahan</strong></span> <span class='ocrx_word' id='word_1_228' title='bbox 433 3876 506 3935; x_wconf 87' lang='lat' dir='ltr'><strong>place</strong></span> <span class='ocrx_word' id='word_1_229' title='bbox 515 3877 628 3924; x_wconf 85' lang='lat' dir='ltr'><strong>between</strong></span> <span class='ocrx_word' id='word_1_230' title='bbox 637 3877 679 3926; x_wconf 88' lang='lat' dir='ltr'><strong>the</strong></span> <span class='ocrx_word' id='word_1_231' title='bbox 687 3876 749 3939; x_wconf 76' lang='lat' dir='ltr'><strong>king</strong></span> <span class='ocrx_word' id='word_1_232' title='bbox 757 3878 808 3926; x_wconf 86' lang='lat' dir='ltr'><strong>and</strong></span> 
     </span>
     <span class='ocr_line' id='line_1_35' title="bbox 347 3939 1297 4013; baseline 0.008 -22"><span class='ocrx_word' id='word_1_233' title='bbox 347 3943 390 3992; x_wconf 89' lang='lat' dir='ltr'><strong>the</strong></span> <span class='ocrx_word' id='word_1_234' title='bbox 410 3939 496 4005; x_wconf 82' lang='lat' dir='ltr'><strong>pope&#39;s</strong></span> <span class='ocrx_word' id='word_1_235' title='bbox 517 3943 618 4006; x_wconf 76' lang='lat' dir='ltr'><strong>legate;</strong></span> <span class='ocrx_word' id='word_1_236' title='bbox 645 3946 744 4007; x_wconf 82' lang='lat' dir='ltr'><strong>Tyrrell</strong></span> <span class='ocrx_word' id='word_1_237' title='bbox 762 3946 809 3996; x_wconf 84' lang='lat' dir='ltr'><strong>has</strong></span> <span class='ocrx_word' id='word_1_238' title='bbox 868 3943 1297 4013; x_wconf 60' lang='lat' dir='ltr'><strong>’Homogimetstdetitotmseciffl</strong></span> 
     </span>
     <span class='ocr_line' id='line_1_36' title="bbox 348 4014 1296 4080; baseline 0.011 -20"><span class='ocrx_word' id='word_1_239' title='bbox 348 4014 422 4075; x_wconf 76' lang='lat' dir='ltr'><strong>given</strong></span> <span class='ocrx_word' id='word_1_240' title='bbox 433 4027 466 4062; x_wconf 86' lang='lat' dir='ltr'><strong>an</strong></span> <span class='ocrx_word' id='word_1_241' title='bbox 476 4014 625 4064; x_wconf 78' lang='lat' dir='ltr'><strong>abstractos</strong></span> <span class='ocrx_word' id='word_1_242' title='bbox 632 4014 810 4079; x_wconf 76' lang='lat' dir='ltr'><strong>it,iii.p.7⁴s,</strong></span> <span class='ocrx_word' id='word_1_243' title='bbox 834 4016 885 4065; x_wconf 88' lang='lat' dir='ltr'><strong>His</strong></span> <span class='ocrx_word' id='word_1_244' title='bbox 901 4015 1001 4066; x_wconf 79' lang='lat' dir='ltr'><strong>chartei·</strong></span> <span class='ocrx_word' id='word_1_245' title='bbox 1017 4017 1047 4065; x_wconf 88' lang='lat' dir='ltr'><strong>os</strong></span> <span class='ocrx_word' id='word_1_246' title='bbox 1060 4017 1178 4080; x_wconf 77' lang='lat' dir='ltr'><strong>homage,</strong></span> <span class='ocrx_word' id='word_1_247' title='bbox 1195 4034 1225 4069; x_wconf 84' lang='lat' dir='ltr'><strong>as</strong></span> <span class='ocrx_word' id='word_1_248' title='bbox 1242 4022 1296 4069; x_wconf 81' lang='lat' dir='ltr'><strong>also</strong></span> 
     </span>
    </p>

    <p class='ocr_par' dir='ltr' id='par_1_9' title="bbox 266 4084 1319 4220">
     <span class='ocr_line' id='line_1_37' title="bbox 266 4084 1319 4220; baseline 0.011 -22"><span class='ocrx_word' id='word_1_249' title='bbox 266 4192 269 4198; x_wconf 91' lang='lat'>.</span> <span class='ocrx_word' id='word_1_250' title='bbox 347 4097 492 4210; x_wconf 54' lang='lat' dir='ltr'><strong>“qaqjnjme</strong></span> <span class='ocrx_word' id='word_1_251' title='bbox 503 4153 640 4216; x_wconf 61' lang='lat' dir='ltr'><strong>expulsus]</strong></span> <span class='ocrx_word' id='word_1_252' title='bbox 656 4153 709 4203; x_wconf 86' lang='lat' dir='ltr'><strong>The</strong></span> <span class='ocrx_word' id='word_1_253' title='bbox 719 4169 809 4205; x_wconf 79' lang='lat' dir='ltr'><strong>causes</strong></span> <span class='ocrx_word' id='word_1_254' title='bbox 833 4084 1042 4218; x_wconf 41' lang='lat' dir='ltr'><strong>tiltlyahrhhfpmihhl:</strong></span> <span class='ocrx_word' id='word_1_255' title='bbox 1052 4087 1205 4220; x_wconf 45' lang='lat' dir='ltr'><strong>halgfmur&#39;</strong></span> <span class='ocrx_word' id='word_1_256' title='bbox 1215 4104 1258 4139; x_wconf 60' lang='lat' dir='ltr'><em>m</em></span> <span class='ocrx_word' id='word_1_257' title='bbox 1269 4103 1294 4137; x_wconf 66' lang='lat' dir='ltr'>m</span> <span class='ocrx_word' id='word_1_258' title='bbox 1313 4122 1319 4130; x_wconf 34' lang='grc' dir='ltr'>Ι</span> 
     </span>
    </p>
   </div>
   <div class='ocr_carea' id='block_1_7' title="bbox 0 0 1495 5016">
    <p class='ocr_par' dir='ltr' id='par_1_10' title="bbox 0 0 1495 5016">
     <span class='ocr_line' id='line_1_38' title="bbox 0 0 1495 5016; baseline 0 0"><span class='ocrx_word' id='word_1_259' title='bbox 0 0 1495 5016; x_wconf 95' lang='lat' dir='ltr'><strong> </strong></span> 
     </span>
    </p>
   </div>
  </div>
 </body>
</html>
