2970 5016
451 466 590 513 monus
613 466 884 516 rnsronrnnuu.
1084 447 1151 513 297

241 623 290 686 De
299 622 534 708 princepalibua
549 620 739 687 weomadus
753 621 852 708 aqam
868 631 896 686 et
911 619 1097 687 libertatum.

243 732 328 801 Per¹
346 739 436 802 idem
450 747 598 821 tempus,
614 739 650 801 in
664 738 879 802 bebdomada
895 737 1054 815 Paschae,
1068 758 1148 802 con·
1161 765 1216 805 no.
1227 767 1282 805 nn.

197 846 366 901 venerunt
393 837 484 921 apud
516 837 690 902 stamford
726 846 907 919 magnates
939 857 1032 920 saepo
1064 837 1148 903 dicti
1161 815 1311 955 &didm

198 956 277 1000 cum
292 937 391 1018 equis
411 946 446 1001 et
463 938 580 1013 armis,
596 938 657 1018 qui
674 937 749 1020 jam
773 938 808 999 in
826 937 879 999 sui
900 936 1053 1001 favorem
1071 939 1147 1001 uui·
1210 926 1243 955 '²¹‘

196 1056 331 1100 versam
353 1036 423 1100 fere
438 1038 545 1101 totius
565 1037 662 1117 regni
681 1036 895 1100 nobilitatem
917 1043 1147 1114 attraxerant,

197 1143 233 1198 et
255 1136 445 1199 exercitum
474 1135 748 1199 inaestimabilem
778 1135 1027 1213 confeceruut3
1057 1137 1148 1199 aesti·

198 1236 282 1298 mati
314 1243 395 1299 sunt
422 1254 570 1317 namque
600 1237 634 1297 in
665 1235 819 1299 exercitu
850 1234 911 1297 illo
940 1234 1009 1298 duo
1040 1234 1147 1300 millia

197 1333 358 1410 militum,
388 1343 515 1417 praeter
544 1335 688 1415 equites,
721 1335 911 1398 servientes
942 1341 977 1397 et
1001 1333 1146 1416 pedites,

197 1432 257 1513 qui
276 1434 381 1496 armis
403 1442 502 1498 eraut
521 1434 625 1496 variis
644 1433 852 1515 praemuniti.
906 1433 1063 1496 Fuerunt
1085 1452 1147 1496 au·
1252 1456 1259 1469 ·

197 1539 266 1594 tem
284 1532 490 1614 principales
507 1532 610 1615 hujus
628 1533 734 1613 pestis
748 1533 954 1607 incentores,
970 1530 1146 1596 Robertus

198 1629 467 1708 filius-Walteri,
496 1631 705 1695 Eustachius
735 1630 777 1693 de
800 1630 920 1708 Vesci,
949 1630 1146 1695 Richardns

197 1729 239 1792 de
267 1729 379 1805 Perci,
410 1731 585 1796 Robertus
612 1731 655 1793 de
687 1729 775 1805 Ros,
803 1729 930 1793 Petrus
959 1730 1002 1793 de
1029 1731 1146 1807 Bruis,

198 1828 367 1893 Nicolaus
392 1830 434 1894 de
457 1830 654 1905 Stutevilla,
677 1829 804 1893 Saerus
830 1847 944 1892 comcs
969 1828 1145 1893 Wintoni·

196 1929 300 2005 ensis,
330 1929 375 1993 R.
399 1949 513 1993 comes
535 1930 578 1993 de
601 1930 716 2005 Clare,
739 1928 789 1991 H.
813 1947 928 1991 comes
957 1928 1144 2006 Clarensis,

198 2026 359 2109 Rogerus
401 2047 516 2093 comes
559 2028 685 2110 Bigod,
722 2027 920 2091 Willelmus
957 2027 999 2090 de
1039 2027 1143 2092 Mun·

197 2127 294 2209 bray,
319 2127 480 2209 Rogerus
502 2128 545 2191 de
568 2128 708 2205 Creissi,
733 2126 941 2208 Ranulpbus
961 2127 1145 2191 filius-Ro-

196 2225 296 2302 berti,
333 2227 509 2291 Robertus
545 2227 588 2290 de
622 2227 706 2304 Ver,
745 2226 854 2290 Fulco
888 2225 1144 2303 filius-Wariui,

195 2324 392 2389 Willelmus
423 2326 560 2402 Mallet,
584 2325 779 2390 Willelmus
811 2326 854 2389 de
888 2324 1143 2403 Monte-acuto,

194 2423 391 2489 Willelmus
419 2426 461 2488 de
493 2426 746 2507 Bello-campo,
773 2424 808 2488 S.
842 2424 885 2486 de
918 2423 1032 2500 Kimc,
1054 2424 1145 2488 Wil-

196 2522 318 2587 lelmus
343 2524 483 2608 juvenis
518 2524 783 2600 Marcscballus,
804 2521 1002 2586 Willelmus
1039 2522 1143 2586 Mau-

194 2621 268 2700 dut,
293 2623 454 2705 Rogerns
476 2624 519 2687 de
549 2621 854 2704 Monte-Begonis,
876 2620 1056 2685 Jobannes
1079 2621 1144 2684 fili-

195 2722 415 2799 us-Roberti,
437 2722 617 2787 Jobannes
640 2719 866 2796 filius-Alani,
891 2718 936 2784 G.
954 2719 997 2782 de
1021 2718 1143 2797 Laval,

196 2819 237 2883 Ο.
262 2821 489 2898 iilius-Alani,
512 2822 570 2887 W.
595 2823 637 2885 de
670 2822 872 2902 Hobregge,
900 2819 943 2883 Ο.
967 2819 1009 2882 de
1033 2819 1146 2883 Valli-

194 2919 272 2996 bus,
304 2920 349 2984 G.
378 2922 420 2985 de
449 2920 558 2999 Gant,
592 2921 779 2985 Mauritius
812 2919 856 2983 de
885 2918 994 2996 Gant,
1021 2919 1067 2983 R.
1099 2919 1142 2984 do

195 3019 376 3096 Brackele,
409 3020 455 3084 R.
486 3021 528 3084 de
558 3020 778 3098 Muntfichot,
804 3019 862 3084 W.
889 3019 932 3082 de
963 3018 1143 3095 Lanvalei,

195 3116 238 3180 G.
257 3118 299 3182 de
318 3118 531 3183 Mandevilla
548 3138 662 3184 comes
680 3121 848 3196 Essexiae,
865 3118 1060 3183 Willelmus
1076 3117 1143 3180 sra-

193 3224 246 3279 ter
261 3219 348 3301 ejuS,
360 3219 555 3283 willelmus
572 3219 615 3282 dc
632 3218 896 3301 Huntingefeld,
911 3217 1086 3281 Robertus
1100 3217 1143 3280 de

195 3314 342 3394 Greslei,
369 3317 413 3381 G.
442 3319 719 3383 constabularius
745 3319 788 3382 de
817 3317 1010 3392 Meautnm,
1032 3316 1142 3379 Alex-

194 3416 301 3479 ander
317 3417 360 3481 de
374 3411 551 3493 ²Pninter,
574 3417 701 3481 Petrus
722 3415 1015 3490 filius-lobannis,
1037 3413 1147 3478 Alex·-

194 3514 301 3578 ander
323 3515 366 3578 de
389 3510 553 3594 ³Sutuna,
579 3516 748 3580 Osbertus
775 3516 818 3579 de
842 3515 942 3589 Bobi,
965 3512 1144 3576 lohannes

194 3614 470 3680 constabularius
502 3616 658 3693 Castriae,
687 3615 839 3678 Thomas
869 3613 911 3676 de
945 3611 1143 3687 Mulutune,

229 3762 301 3814 'Per
321 3766 384 3814 idem
406 3767 526 3830 tempas]
554 3767 585 3815 Iu
603 3767 654 3815 this
680 3766 790 3814 ductos
805 3766 847 3814 the
866 3766 967 3825 barcas,
985 3763 1035 3812 and
1055 3763 1142 3824 giving

194 3849 255 3896 year
266 3849 337 3885 came
348 3841 400 3884 two
415 3837 484 3884 bulla
499 3836 561 3884 from
579 3836 654 3883 Iuno·
679 3835 734 3884 that
752 3849 781 3882 aa
798 3849 814 3883 a
831 3849 919 3882 reason
939 3833 999 3895 why
1017 3832 1049 3881 be
1066 3831 1141 3880 could

195 3911 252 3953 cent
268 3905 321 3955 111.
338 3909 364 3953 to
380 3905 422 3954 the
440 3906 525 3967 clergy
542 3904 592 3954 aud
612 3905 654 3954 the
679 3911 722 3954 not
730 3904 870 3953 undertake
883 3903 1056 3964 apilgrimage
1065 3906 1090 3948 to
1100 3900 1141 3949 the

194 3974 293 4036 barone,
329 3975 382 4023 ‘dc
411 3974 569 4024 reformanda
590 3975 655 4023 inter
681 3975 749 4035 Holy
762 3973 851 4033 Land;
870 3973 971 4033 Rymer,
984 3987 1009 4033 p.
1023 3975 1079 4019 129.

193 4058 278 4105 regem
313 4048 339 4092 et
370 4045 476 4094 barones
508 4042 655 4093 discordia!
715 4072 725 4102 2
782 4075 788 4086 ·
883 4075 891 4102 ,
949 4073 954 4084 ·
1028 4071 1034 4091 ·

191 4111 273 4163 mere
290 4114 312 4162 a
328 4114 493 4163 armaretur
508 4114 537 4162 or
550 4113 618 4163 John
629 4118 655 4161 a>
736 4069 865 4142 pm]
905 4074 1026 4133 P⁰¹⁰²⁰⁰’
1048 4072 1078 4120 ⁶·

192 4182 233 4232 the
245 4197 321 4247 popo,
331 4185 501 4247 compleining
512 4184 541 4234 os
546 4183 587 4233 the
596 4197 655 4233 con·
716 4175 856 4239 ’suumn
873 4178 880 4204 ‘
893 4169 1021 4237 suetune:
1035 4175 1065 4225 C.
