2970 5016
421 453 561 502 riorus
585 453 854 503 nrsronrsauu.
1070 443 1114 506 43

157 632 234 676 cnm
251 612 454 693 magnificus
471 630 534 675 rex
549 608 744 692 Anglorum
762 610 970 688 Richardus,
984 612 1040 676 eni
1057 633 1113 677 ar·
1126 632 1180 673 un.
1192 633 1248 673 1111.

158 710 243 775 dens
266 711 379 776 inerat
403 709 611 774 desiderium
638 710 815 791 negotium
843 708 1009 774 Crucifixi
1035 732 1114 794 pro-

159 829 310 886 movere,
339 810 573 891 cognovisset,
603 806 761 891 promisit
788 826 825 871 se
858 810 932 890 regi
962 809 1114 876 Franco-

160 929 235 973 rum
258 909 591 973 communicaturum
613 907 779 983 omnium,
807 926 886 988 quse
910 908 945 970 in
971 926 1056 972 auro
1078 918 1115 975 et

160 1016 320 1089 argento,
342 1006 616 1088 victualiumque
641 1006 923 1086 congregatione,
947 1015 1053 1089 atque
1076 1009 1113 1072 in

161 1106 271 1187 equis,
300 1106 418 1183 armis,
457 1105 606 1169 navibus
642 1103 846 1187 possideret,
881 1105 1115 1183 medietatem,

161 1206 212 1268 ita
236 1203 398 1269 videlicet
424 1211 464 1268 nt
486 1203 644 1267 inimicos
670 1201 800 1267 Christi
826 1203 928 1266 simul
949 1204 993 1268 de
1021 1213 1115 1270 terra

160 1312 284 1367 sancta
303 1301 501 1385 disperdere
519 1302 739 1380 laborarent;
762 1301 822 1365 sed
841 1302 1005 1383 quoniam
1024 1303 1115 1368 idem

161 1421 223 1464 rex
250 1402 408 1466 Franciae
433 1401 581 1466 reditum
606 1419 708 1463 suum
728 1399 911 1483 juraverat
937 1409 973 1465 et
990 1402 1114 1466 immu-

162 1500 314 1565 tabiliter
338 1500 571 1576 ordinaverat,
596 1499 669 1562 suis
697 1506 898 1562 constanter
923 1500 1115 1563 reclaman-

163 1599 256 1663 tibus
276 1607 420 1682 totoque
440 1598 595 1663 exercitu
613 1597 767 1682 graviter
786 1606 1020 1676 consternato,
1037 1618 1114 1663 cum

163 1700 284 1780 paucis
330 1718 472 1763 snorum
512 1697 765 1779 repatriaturus
803 1715 911 1761 naves
949 1698 1114 1762 ascendit

164 1796 314 1861 Suborta
347 1797 415 1861 suit
448 1798 590 1878 insuper
618 1796 710 1860 inter
740 1814 840 1876 reges
873 1797 1012 1860 occulta
1044 1796 1115 1861 dis·

164 1896 292 1973 sensio,
318 1897 369 1960 ita
392 1896 486 1978 qnod
511 1914 573 1958 rex
599 1894 757 1958 Franciae
783 1894 902 1957 urbem
919 1892 1057 1973 Achon,
1079 1904 1115 1959 et

164 1995 315 2076 reliquas
335 2014 423 2077 quse
446 1996 581 2076 capturi
604 2001 705 2057 erant
726 1995 840 2068 urbes,
857 2000 974 2058 castra
995 2001 1032 2058 et
1049 2001 1116 2058 ter-

164 2112 233 2170 ras,
265 2093 401 2159 tradere
435 2093 620 2157 marchisio
658 2092 701 2156 de
737 2092 1023 2157 Monte-Ferrato
1053 2112 1116 2158 vo·

165 2193 277 2257 luerat
305 2211 347 2256 ac
374 2194 517 2256 firmiter
551 2198 790 2274 proposuerat,
822 2199 858 2254 et
889 2211 1006 2273 regem
1037 2212 1116 2256 eum

165 2292 376 2355 constituere
399 2300 500 2356 terrae
532 2296 683 2369 sanctse3
706 2289 829 2353 habuit
853 2308 1002 2373 namque
1024 2291 1115 2355 idem

165 2390 369 2454 marchisius
395 2409 538 2455 uxorem
568 2388 674 2452 filiam
702 2389 795 2470 regis
817 2387 996 2467 Almarici,
1019 2408 1114 2454 soro·

165 2508 236 2552 rem
265 2488 398 2553 scilicet
424 2488 555 2570 reginae
590 2486 824 2564 Hierusalem,
846 2507 925 2570 quae
954 2488 1028 2571 jam
1056 2488 1116 2553 de·

165 2588 285 2652 functa
314 2587 438 2652 suerat.
491 2586 601 2670 Cujus
625 2586 799 2650 voluntati
827 2605 890 2649 rex
920 2585 1116 2651 Richardus

166 2704 309 2768 prorsus
331 2687 478 2762 obstitit,
500 2684 685 2749 ostendens
712 2684 964 2748 rationabiliter
984 2685 1116 2767 justius

167 2785 240 2848 fore
265 2785 340 2867 regi
366 2783 531 2861 Gnidoni,
560 2803 668 2865 regno
690 2781 766 2865 jam
796 2781 926 2864 pridem
954 2782 1117 2864 spoliato,

166 2902 311 2965 regnum
333 2902 433 2946 suum
457 2884 651 2958 restituere,
668 2899 785 2963 quam,
807 2881 868 2944 illo
885 2881 1036 2959 vivente,
1052 2882 1117 2945 ali-

168 3000 226 3044 um
255 2983 470 3063 subrogar03
504 3000 584 3045 cum
614 2986 799 3057 constaret,
830 2980 926 3043 illum
957 3000 1027 3046 non
1055 3000 1118 3063 per

167 3079 343 3162 ignaviam
364 3100 510 3161 regnum
530 3080 697 3156 amisisse,
719 3078 780 3142 sed
807 3079 923 3161 potius
948 3100 1010 3162 per
1030 3087 1118 3144 stre-

167 3179 336 3242 nuitatem
362 3179 398 3241 in
426 3179 526 3261 gravi
557 3178 639 3241 belli
668 3179 867 3255 certamine,
890 3179 935 3242 ob
966 3179 1118 3244 hostium

167 3277 449 3341 numerositatem
472 3284 508 3341 et
537 3277 711 3341 exercitus
740 3278 795 3341 sui
826 3279 1046 3358 paucitatem,
1070 3278 1117 3341 si·

168 3377 240 3440 mul
262 3396 340 3441 cum
357 3394 458 3440 cruce
475 3394 498 3438 a
514 3375 695 3439 Saracenis
713 3383 852 3457 captum
870 3374 988 3440 fuisse.
1036 3376 1117 3441 Hoc

168 3476 329 3538 nimirum
351 3475 441 3538 inter
462 3475 647 3556 praedictos
669 3474 840 3555 principes
862 3473 1042 3537 discordiae
1064 3494 1119 3538 se-

169 3574 351 3637 minarium
366 3572 582 3654 dignoscitur
603 3573 792 3649 exstitisse,
809 3591 886 3635 cum
904 3579 1020 3636 tamen
1042 3571 1117 3636 haec

167 3671 339 3736 discordia
364 3673 474 3754 primo
496 3670 589 3753 apud
616 3670 816 3734 Messanam
845 3670 971 3734 Sieiliae
1000 3671 1117 3752 primi·

169 3771 243 3834 tiva
272 3770 332 3833 sed
372 3771 511 3834 occulte
541 3769 789 3852 pullulaverit3
826 3767 1001 3832 Richardo
1036 3788 1117 3849 rege

167 3869 287 3932 urbem
309 3869 453 3934 eandem
483 3888 586 3933 manu
612 3875 747 3931 armata
772 3874 894 3932 contra
919 3886 1034 3949 regem
1056 3867 1117 3930 ob·

168 3967 312 4045 tinente,
325 3976 361 4031 et
377 3968 543 4050 plurimos
556 3985 696 4031 suorum
711 3973 962 4048 prosternente,
977 3967 1021 4028 ob
1038 3983 1117 4028 con-

169 4066 255 4129 vitia
277 4074 312 4131 et
334 4066 550 4143 vexationes,
577 4085 665 4149 quas
687 4066 862 4127 exercitus
885 4065 976 4144 regis
1008 4064 1119 4126 Fran-

169 4184 287 4228 corum
313 4184 376 4229 suo
403 4165 571 4228 exercitui
593 4164 773 4228 inserebat.
814 4161 968 4226 Cernens
989 4163 1121 4244 itaque,
