2970 5016
338 483 405 548 ³40
597 491 732 542 uocaui
757 490 804 537 na
827 487 1034 537 wannovra

180 672 235 712 ss>-
247 672 302 711 1212-
341 666 480 735 caetero,
514 656 647 737 absque
680 650 937 734 dispensatione
965 646 1058 712 sedis
1091 644 1293 727 apostolicae

183 1408 303 1460 mmm

341 755 496 841 speciali,
514 756 557 818 ad
578 750 811 837 pontificalem
832 750 915 831 eligi
938 747 1057 810 valeat
1074 745 1293 827 dignitatem.

342 859 474 921 Datum
509 854 623 917 idibus
664 850 888 932 Septembris,
924 845 1151 928 pontificatus
1186 843 1294 906 nostri

343 975 435 1020 anno
451 954 583 1017 decimo
599 947 749 1015 octavo!

345 1126 394 1189 Do
415 1121 605 1207 rasponum
623 1117 790 1203 Stephani,
809 1114 1054 1181 Ocatncrieasir·
1048 1111 1296 1199 archiepiscopi.

183 1258 297 1352 w·
400 1247 480 1310 Hac
492 1253 660 1330 praeterea
672 1248 878 1326 tempestate
894 1240 1033 1316 Petrus,
1044 1237 1296 1302 wintoniensis

184 1309 314 1407 &affine
348 1346 544 1430 episcopus,
568 1352 603 1407 et
627 1343 793 1424 magister
819 1337 1059 1420 Pandnlpbus,
1081 1336 1213 1401 domini
1238 1354 1297 1419 pa-

348 1465 404 1527 pae
422 1443 616 1517 familiaris,
633 1442 677 1504 ad
699 1439 993 1522 archiepiscopum
1011 1436 1296 1500 Cantuariensem

349 1543 579 1625 personaliter
611 1539 813 1604 accedentes
841 1556 885 1600 ex
915 1543 1013 1618 parte
1039 1535 1171 1597 domini
1198 1552 1296 1616 papae

348 1642 494 1704 tirmiter
521 1644 772 1722 praeceperunt,
804 1646 843 1699 ut
865 1634 1072 1698 sententiam
1100 1632 1193 1696 sedis
1219 1652 1297 1713 apo-

349 1739 482 1803 stolicae
515 1739 551 1801 iu
590 1737 737 1800 barones
769 1733 908 1816 Angliae
940 1732 1064 1797 Romae
1093 1730 1299 1812 generaliter

349 1838 456 1902 latam
484 1834 712 1916 suffraganeis
736 1832 996 1897 Cantuarieusis
1027 1829 1185 1894 ecclesiae
1210 1848 1297 1892 com·

351 1938 504 2000 mitteret
533 1933 790 2017 publicandam,
819 1939 855 1995 et
877 1931 1034 2013 ipsemet,
1060 1937 1230 2011 quantum
1255 1927 1295 1990 ad

351 2054 429 2097 eum
451 2036 645 2115 spectabat,
663 2030 809 2111 singulis
829 2030 950 2092 diebus
971 2028 1166 2091 Dominicis
1186 2036 1221 2090 et
1236 2026 1296 2089 ses·

350 2133 432 2194 tivis
459 2150 520 2212 per
539 2140 647 2194 totam
676 2129 960 2193 Cantuariensem
985 2125 1149 2191 diocesim
1174 2125 1299 2188 iaceret

351 2228 536 2311 publicare.
591 2228 676 2289 Erat
696 2236 811 2290 autem
829 2226 904 2309 jam
926 2225 1015 2288 idem
1037 2243 1146 2287 naves
1170 2224 1298 2306 ingres-

351 2346 423 2402 sus,
451 2333 490 2389 nt
514 2326 662 2388 Romam
686 2326 730 2387 ad
758 2326 940 2389 concilium
965 2330 1182 2406 properaret,
1212 2322 1300 2386 unde

353 2425 544 2509 postulavit
564 2423 718 2487 inducias
746 2442 926 2506 quousque
954 2423 1084 2485 domini
1107 2440 1211 2504 papae
1235 2421 1299 2484 col·

353 2525 472 2606 loquio
484 2524 670 2600 frueretur3
688 2523 731 2586 ad
745 2523 951 2586 sententiam
965 2520 1210 2603 publicandam
1224 2539 1302 2583 con-

353 2630 487 2686 stanter
514 2621 698 2697 affirmans,
717 2622 807 2702 quod
827 2621 934 2684 tacita
959 2620 1106 2683 veritate
1131 2619 1302 2682 sententia

353 2721 468 2784 fuerat
485 2721 520 2782 in
541 2722 688 2783 barones
712 2720 796 2795 lata,
819 2726 854 2782 et
870 2718 947 2781 ideo
967 2717 1062 2780 nullo
1083 2717 1188 2780 modo
1209 2716 1299 2779 illam

354 2839 392 2883 se
416 2819 670 2900 publicaturum
698 2817 875 2900 respondit
896 2817 1004 2879 donec
1025 2834 1129 2896 super
1150 2816 1300 2897 praemis-

355 2918 403 2980 sis
430 2918 511 2979 viva
537 2935 622 2980 voce
648 2917 771 2978 summi
800 2915 973 2998 pontificis
1000 2921 1226 2996 cognosceret
1246 2933 1301 2977 vo·

355 3016 535 3078 luntatem.
589 3012 638 3077 At
655 3016 834 3077 memorati
861 3012 965 3096 hujus
995 3013 1044 3075 rei
1069 3021 1302 3087 exsecutores,

354 3132 431 3174 cum
458 3112 752 3194 archiepiscopum
775 3111 903 3176 domini
926 3131 1027 3193 papae
1050 3113 1235 3193 praeceptis
1257 3112 1303 3173 in·

355 3209 570 3273 obedientem
593 3212 848 3292 cognovissent,
870 3211 1077 3274 auctoritate
1097 3227 1167 3291 qua
1187 3210 1304 3290 funge-

355 3310 483 3372 bantur
505 3311 559 3372 usi
582 3310 695 3391 ipsum
719 3312 762 3373 ab
792 3309 947 3373 ecclesiae
969 3309 1128 3390 ingressu
1154 3327 1197 3372 ac
1219 3308 1302 3370 divi·

357 3428 478 3471 norum
513 3408 745 3471 celebratione
776 3402 1072 3490 ¹suspenderunt;
1110 3426 1216 3489 quam
1250 3406 1304 3469 ille

356 3507 615 3589 suspensionem
645 3506 820 3571 humiliter
851 3509 1040 3570 observans
1074 3504 1192 3568 sedem
1225 3524 1306 3586 apo-

357 3605 515 3669 stolicam
553 3623 740 3686 suspensus
781 3606 915 3686 petivit.
989 3604 1089 3667 Tunc
1126 3605 1305 3686 episcopus

357 3703 610 3768 Wintoniensis
627 3723 705 3767 cum
724 3703 905 3786 conjudice
925 3723 989 3766 suo
1008 3702 1231 3784 Pandnlpho,
1246 3704 1306 3766 ba·

357 3821 459 3865 rones
482 3800 621 3883 Angliae
643 3821 775 3878 omnes,
798 3803 858 3884 qui
881 3821 997 3882 regem
1018 3821 1039 3865 a
1064 3821 1171 3882 regno
1193 3800 1305 3883 depel-

357 3899 427 3962 lere
455 3899 696 3975 moliebantur,
730 3901 1048 3963 excommunicatos
1088 3899 1306 3974 denuntians,

356 3998 501 4078 singulis
524 3998 643 4060 diebus
667 3998 858 4062 Dominicis
886 4006 920 4062 et
943 3998 1078 4062 festivis
1100 3998 1209 4061 latam
1233 4018 1306 4061 sen-

356 4240 375 4289 i
393 4171 615 4290 'Slrrtgerdmatq
631 4171 685 4222 The
702 4173 764 4222 form
776 4173 806 4221 oi
819 4174 860 4222 the
878 4178 995 4269 sentence
1012 4175 1035 4222 is
1052 4174 1178 4235 printed
1170 4189 1197 4223 ιιι
1209 4175 1307 4236 limet,

384 4254 402 4299 l>
