<?xml version="1.0" encoding="UTF-8"?>
<!DOCTYPE html PUBLIC "-//W3C//DTD XHTML 1.0 Transitional//EN"
    "http://www.w3.org/TR/xhtml1/DTD/xhtml1-transitional.dtd">
<html xmlns="http://www.w3.org/1999/xhtml" xml:lang="en" lang="en">
 <head>
  <title>
</title>
<meta http-equiv="Content-Type" content="text/html;charset=utf-8" />
  <meta name='ocr-system' content='tesseract 3.04.00' />
  <meta name='ocr-capabilities' content='ocr_page ocr_carea ocr_par ocr_line ocrx_word'/>
</head>
<body>
  <div class='ocr_page' id='page_1' title='image "./rogeridewendove08rogegoog_0365.png"; bbox 0 0 2970 5016; ppageno 0'>
   <div class='ocr_carea' id='block_1_1' title="bbox 340 462 1028 526">
    <p class='ocr_par' dir='ltr' id='par_1_1' title="bbox 340 462 1028 526">
     <span class='ocr_line' id='line_1_1' title="bbox 340 462 1028 526; baseline 0.001 -1"><span class='ocrx_word' id='word_1_1' title='bbox 340 462 406 525; x_wconf 82' lang='grc'>356</span> <span class='ocrx_word' id='word_1_2' title='bbox 593 476 726 523; x_wconf 78' lang='lat' dir='ltr'>nocant</span> <span class='ocrx_word' id='word_1_3' title='bbox 750 477 797 523; x_wconf 84' lang='lat' dir='ltr'>nn</span> <span class='ocrx_word' id='word_1_4' title='bbox 821 478 1028 526; x_wconf 81' lang='lat' dir='ltr'>wnnnovnn</span> 
     </span>
    </p>
   </div>
   <div class='ocr_carea' id='block_1_2' title="bbox 180 611 1296 1213">
    <p class='ocr_par' dir='ltr' id='par_1_2' title="bbox 180 611 1296 1213">
     <span class='ocr_line' id='line_1_2' title="bbox 180 611 1294 717; baseline -0.002 -19"><span class='ocrx_word' id='word_1_5' title='bbox 180 649 302 689; x_wconf 62' lang='lat' dir='ltr'>ltu-¹²¹⁶·</span> <span class='ocrx_word' id='word_1_6' title='bbox 342 655 417 698; x_wconf 91' lang='lat' dir='ltr'>rum</span> <span class='ocrx_word' id='word_1_7' title='bbox 440 611 738 698; x_wconf 77' lang='lat' dir='ltr'>manifestissimus</span> <span class='ocrx_word' id='word_1_8' title='bbox 764 634 900 698; x_wconf 86' lang='lat' dir='ltr'>exstitit</span> <span class='ocrx_word' id='word_1_9' title='bbox 924 641 1136 717; x_wconf 89' lang='lat' dir='ltr'>persecutor,</span> <span class='ocrx_word' id='word_1_10' title='bbox 1155 653 1294 698; x_wconf 89' lang='lat' dir='ltr'>excom-</span> 
     </span>
     <span class='ocr_line' id='line_1_3' title="bbox 342 733 1292 816; baseline -0.002 -19"><span class='ocrx_word' id='word_1_11' title='bbox 342 735 553 798; x_wconf 86' lang='lat' dir='ltr'>municatum</span> <span class='ocrx_word' id='word_1_12' title='bbox 590 734 726 816; x_wconf 91' lang='lat' dir='ltr'>publice</span> <span class='ocrx_word' id='word_1_13' title='bbox 756 733 978 808; x_wconf 82' lang='lat' dir='ltr'>denuntietis,</span> <span class='ocrx_word' id='word_1_14' title='bbox 1010 753 1051 796; x_wconf 89' lang='lat' dir='ltr'>ac</span> <span class='ocrx_word' id='word_1_15' title='bbox 1085 753 1292 816; x_wconf 89' lang='lat' dir='ltr'>suspensum</span> 
     </span>
     <span class='ocr_line' id='line_1_4' title="bbox 342 832 1294 916; baseline -0.001 -20"><span class='ocrx_word' id='word_1_16' title='bbox 342 833 496 916; x_wconf 81' lang='lat' dir='ltr'><strong>graviori</strong></span> <span class='ocrx_word' id='word_1_17' title='bbox 524 835 627 898; x_wconf 90' lang='lat' dir='ltr'>etiam</span> <span class='ocrx_word' id='word_1_18' title='bbox 654 853 770 916; x_wconf 92' lang='lat' dir='ltr'>poena,</span> <span class='ocrx_word' id='word_1_19' title='bbox 800 835 867 896; x_wconf 93' lang='lat' dir='ltr'>nisi</span> <span class='ocrx_word' id='word_1_20' title='bbox 897 853 1049 914; x_wconf 81' lang='lat' dir='ltr'>congrue</span> <span class='ocrx_word' id='word_1_21' title='bbox 1074 832 1294 910; x_wconf 83' lang='lat' dir='ltr'>satisfecerit,</span> 
     </span>
     <span class='ocr_line' id='line_1_5' title="bbox 342 932 1296 1016; baseline 0 -21"><span class='ocrx_word' id='word_1_22' title='bbox 342 932 564 1016; x_wconf 86' lang='lat' dir='ltr'>puniendum.</span> <span class='ocrx_word' id='word_1_23' title='bbox 604 932 706 1011; x_wconf 87' lang='lat' dir='ltr'>Quod</span> <span class='ocrx_word' id='word_1_24' title='bbox 722 933 752 995; x_wconf 90' lang='lat' dir='ltr'>si</span> <span class='ocrx_word' id='word_1_25' title='bbox 768 953 835 996; x_wconf 90' lang='lat' dir='ltr'>non</span> <span class='ocrx_word' id='word_1_26' title='bbox 851 952 982 1009; x_wconf 89' lang='lat' dir='ltr'>omnes,</span> <span class='ocrx_word' id='word_1_27' title='bbox 999 940 1184 997; x_wconf 84' lang='lat' dir='ltr'>etcaetera.</span> <span class='ocrx_word' id='word_1_28' title='bbox 1225 933 1296 995; x_wconf 90' lang='lat' dir='ltr'>Da-</span> 
     </span>
     <span class='ocr_line' id='line_1_6' title="bbox 345 1031 1295 1115; baseline 0.001 -19"><span class='ocrx_word' id='word_1_29' title='bbox 345 1039 418 1096; x_wconf 92' lang='lat' dir='ltr'>tum</span> <span class='ocrx_word' id='word_1_30' title='bbox 438 1032 601 1096; x_wconf 79' lang='lat' dir='ltr'><strong>Laterani</strong></span> <span class='ocrx_word' id='word_1_31' title='bbox 623 1032 755 1096; x_wconf 90' lang='lat' dir='ltr'>decimo</span> <span class='ocrx_word' id='word_1_32' title='bbox 778 1033 925 1115; x_wconf 90' lang='lat' dir='ltr'>septimo</span> <span class='ocrx_word' id='word_1_33' title='bbox 941 1031 1109 1096; x_wconf 79' lang='lat' dir='ltr'><strong>kalendas</strong></span> <span class='ocrx_word' id='word_1_34' title='bbox 1121 1031 1146 1096; x_wconf 88' lang='lat' dir='ltr'>J</span> <span class='ocrx_word' id='word_1_35' title='bbox 1149 1035 1295 1109; x_wconf 90' lang='lat' dir='ltr'>anuarii,</span> 
     </span>
     <span class='ocr_line' id='line_1_7' title="bbox 344 1130 1108 1213; baseline 0.001 -19"><span class='ocrx_word' id='word_1_36' title='bbox 344 1131 565 1213; x_wconf 88' lang='lat' dir='ltr'>pontificatus</span> <span class='ocrx_word' id='word_1_37' title='bbox 582 1132 689 1195; x_wconf 80' lang='lat' dir='ltr'><strong>nostri</strong></span> <span class='ocrx_word' id='word_1_38' title='bbox 704 1150 796 1194; x_wconf 91' lang='lat' dir='ltr'>anno</span> <span class='ocrx_word' id='word_1_39' title='bbox 810 1130 942 1195; x_wconf 85' lang='lat' dir='ltr'>decimo</span> <span class='ocrx_word' id='word_1_40' title='bbox 958 1132 1108 1195; x_wconf 85' lang='lat' dir='ltr'>octav0.&#39;</span> 
     </span>
    </p>
   </div>
   <div class='ocr_carea' id='block_1_3' title="bbox 525 1273 1113 1388">
    <p class='ocr_par' dir='ltr' id='par_1_3' title="bbox 525 1273 1113 1388">
     <span class='ocr_line' id='line_1_8' title="bbox 525 1273 1113 1388; baseline -0.007 -19"><span class='ocrx_word' id='word_1_41' title='bbox 525 1307 574 1369; x_wconf 80' lang='lat' dir='ltr'>De</span> <span class='ocrx_word' id='word_1_42' title='bbox 590 1306 773 1369; x_wconf 61' lang='lat' dir='ltr'>aromatum</span> <span class='ocrx_word' id='word_1_43' title='bbox 787 1304 936 1368; x_wconf 67' lang='lat' dir='ltr'>sestertia</span> <span class='ocrx_word' id='word_1_44' title='bbox 943 1273 1113 1388; x_wconf 66' lang='lat' dir='ltr'>praedicta.</span> 
     </span>
    </p>
   </div>
   <div class='ocr_carea' id='block_1_4' title="bbox 183 1428 1301 3983">
    <p class='ocr_par' dir='ltr' id='par_1_4' title="bbox 183 1428 1297 2305">
     <span class='ocr_line' id='line_1_9' title="bbox 183 1428 1295 1532; baseline -0.002 -38"><span class='ocrx_word' id='word_1_45' title='bbox 183 1440 335 1532; x_wconf 47' lang='lat' dir='ltr'>gemm</span> <span class='ocrx_word' id='word_1_46' title='bbox 398 1430 554 1512; x_wconf 88' lang='lat' dir='ltr'>Cumque</span> <span class='ocrx_word' id='word_1_47' title='bbox 582 1428 718 1513; x_wconf 86' lang='lat' dir='ltr'>judices</span> <span class='ocrx_word' id='word_1_48' title='bbox 752 1429 909 1512; x_wconf 81' lang='lat' dir='ltr'><strong>praedicti</strong></span> <span class='ocrx_word' id='word_1_49' title='bbox 938 1428 1055 1491; x_wconf 85' lang='lat' dir='ltr'>literas</span> <span class='ocrx_word' id='word_1_50' title='bbox 1086 1436 1295 1492; x_wconf 88' lang='lat' dir='ltr'>memoratus</span> 
     </span>
     <span class='ocr_line' id='line_1_10' title="bbox 183 1526 1295 1613; baseline 0 -21"><span class='ocrx_word' id='word_1_51' title='bbox 183 1541 287 1582; x_wconf 67' lang='lat' dir='ltr'>maon.</span> <span class='ocrx_word' id='word_1_52' title='bbox 346 1530 572 1613; x_wconf 85' lang='lat' dir='ltr'>accepissent,</span> <span class='ocrx_word' id='word_1_53' title='bbox 598 1528 810 1610; x_wconf 89' lang='lat' dir='ltr'>scripserunt</span> <span class='ocrx_word' id='word_1_54' title='bbox 831 1529 989 1591; x_wconf 87' lang='lat' dir='ltr'>omnibus</span> <span class='ocrx_word' id='word_1_55' title='bbox 1013 1526 1152 1607; x_wconf 83' lang='lat' dir='ltr'>Angliae</span> <span class='ocrx_word' id='word_1_56' title='bbox 1186 1529 1295 1592; x_wconf 89' lang='lat' dir='ltr'>eccle·</span> 
     </span>
     <span class='ocr_line' id='line_1_11' title="bbox 346 1626 1296 1693; baseline -0.002 0"><span class='ocrx_word' id='word_1_57' title='bbox 346 1630 407 1693; x_wconf 89' lang='lat' dir='ltr'>siis</span> <span class='ocrx_word' id='word_1_58' title='bbox 433 1627 689 1693; x_wconf 84' lang='lat' dir='ltr'>cathedralibus</span> <span class='ocrx_word' id='word_1_59' title='bbox 723 1628 796 1691; x_wconf 85' lang='lat' dir='ltr'>sive</span> <span class='ocrx_word' id='word_1_60' title='bbox 823 1626 1110 1690; x_wconf 84' lang='lat' dir='ltr'>conventualibus</span> <span class='ocrx_word' id='word_1_61' title='bbox 1142 1627 1296 1691; x_wconf 91' lang='lat' dir='ltr'>subhac</span> 
     </span>
     <span class='ocr_line' id='line_1_12' title="bbox 346 1720 1297 1807; baseline -0.001 -17"><span class='ocrx_word' id='word_1_62' title='bbox 346 1728 476 1805; x_wconf 79' lang='lat' dir='ltr'>lorma3</span> <span class='ocrx_word' id='word_1_63' title='bbox 495 1720 520 1761; x_wconf 88' lang='lat'>¹‘</span> <span class='ocrx_word' id='word_1_64' title='bbox 535 1727 759 1790; x_wconf 83' lang='lat' dir='ltr'>Innocentius</span> <span class='ocrx_word' id='word_1_65' title='bbox 774 1727 967 1807; x_wconf 88' lang='lat' dir='ltr'>episcopus,</span> <span class='ocrx_word' id='word_1_66' title='bbox 985 1734 1021 1790; x_wconf 87' lang='lat' dir='ltr'>et</span> <span class='ocrx_word' id='word_1_67' title='bbox 1031 1735 1171 1789; x_wconf 83' lang='lat' dir='ltr'>caetera.</span> <span class='ocrx_word' id='word_1_68' title='bbox 1219 1725 1297 1790; x_wconf 88' lang='lat' dir='ltr'>Hu-</span> 
     </span>
     <span class='ocr_line' id='line_1_13' title="bbox 341 1824 1296 1911; baseline -0.001 -22"><span class='ocrx_word' id='word_1_69' title='bbox 341 1827 403 1911; x_wconf 91' lang='lat' dir='ltr'>jus</span> <span class='ocrx_word' id='word_1_70' title='bbox 435 1826 542 1908; x_wconf 79' lang='lat' dir='ltr'>igitur</span> <span class='ocrx_word' id='word_1_71' title='bbox 575 1826 783 1889; x_wconf 83' lang='lat' dir='ltr'>auctoritate</span> <span class='ocrx_word' id='word_1_72' title='bbox 821 1825 973 1888; x_wconf 88' lang='lat' dir='ltr'>mandati</span> <span class='ocrx_word' id='word_1_73' title='bbox 1006 1825 1106 1888; x_wconf 87' lang='lat' dir='ltr'>vobis</span> <span class='ocrx_word' id='word_1_74' title='bbox 1141 1824 1296 1890; x_wconf 87' lang='lat' dir='ltr'>districte</span> 
     </span>
     <span class='ocr_line' id='line_1_14' title="bbox 347 1924 1297 2008; baseline -0.003 -17"><span class='ocrx_word' id='word_1_75' title='bbox 347 1926 578 2008; x_wconf 87' lang='lat' dir='ltr'>praecipiendo</span> <span class='ocrx_word' id='word_1_76' title='bbox 609 1924 825 2000; x_wconf 86' lang='lat' dir='ltr'>mandamns,</span> <span class='ocrx_word' id='word_1_77' title='bbox 849 1932 1020 2006; x_wconf 88' lang='lat' dir='ltr'>quatenus</span> <span class='ocrx_word' id='word_1_78' title='bbox 1053 1924 1201 1987; x_wconf 88' lang='lat' dir='ltr'>barones</span> <span class='ocrx_word' id='word_1_79' title='bbox 1224 1924 1297 1988; x_wconf 86' lang='lat' dir='ltr'>An-</span> 
     </span>
     <span class='ocr_line' id='line_1_15' title="bbox 348 2022 1296 2107; baseline -0.002 -19"><span class='ocrx_word' id='word_1_80' title='bbox 348 2026 440 2107; x_wconf 80' lang='lat' dir='ltr'>gliae,</span> <span class='ocrx_word' id='word_1_81' title='bbox 480 2044 557 2088; x_wconf 91' lang='lat' dir='ltr'>cum</span> <span class='ocrx_word' id='word_1_82' title='bbox 593 2025 751 2088; x_wconf 88' lang='lat' dir='ltr'>omnibus</span> <span class='ocrx_word' id='word_1_83' title='bbox 789 2024 1005 2107; x_wconf 89' lang='lat' dir='ltr'>adjutoribus</span> <span class='ocrx_word' id='word_1_84' title='bbox 1039 2030 1074 2086; x_wconf 87' lang='lat' dir='ltr'>et</span> <span class='ocrx_word' id='word_1_85' title='bbox 1104 2022 1296 2088; x_wconf 84' lang='lat' dir='ltr'>fautoribus</span> 
     </span>
     <span class='ocr_line' id='line_1_16' title="bbox 348 2122 1296 2205; baseline 0 -19"><span class='ocrx_word' id='word_1_86' title='bbox 348 2125 431 2199; x_wconf 91' lang='lat' dir='ltr'>suis,</span> <span class='ocrx_word' id='word_1_87' title='bbox 447 2124 508 2204; x_wconf 87' lang='lat' dir='ltr'>qni</span> <span class='ocrx_word' id='word_1_88' title='bbox 523 2123 697 2186; x_wconf 92' lang='lat' dir='ltr'>dominum</span> <span class='ocrx_word' id='word_1_89' title='bbox 716 2122 739 2187; x_wconf 84' lang='lat' dir='ltr'><strong>J</strong></span> <span class='ocrx_word' id='word_1_90' title='bbox 742 2122 911 2186; x_wconf 91' lang='lat' dir='ltr'>ohannem</span> <span class='ocrx_word' id='word_1_91' title='bbox 930 2142 1046 2204; x_wconf 80' lang='lat' dir='ltr'>regem</span> <span class='ocrx_word' id='word_1_92' title='bbox 1063 2122 1204 2204; x_wconf 84' lang='lat' dir='ltr'>Angliae</span> <span class='ocrx_word' id='word_1_93' title='bbox 1223 2143 1296 2205; x_wconf 92' lang='lat' dir='ltr'>per·</span> 
     </span>
     <span class='ocr_line' id='line_1_17' title="bbox 348 2222 1295 2305; baseline 0 -20"><span class='ocrx_word' id='word_1_94' title='bbox 348 2228 552 2304; x_wconf 90' lang='lat' dir='ltr'>sequuntur,</span> <span class='ocrx_word' id='word_1_95' title='bbox 580 2229 614 2284; x_wconf 87' lang='lat' dir='ltr'>et</span> <span class='ocrx_word' id='word_1_96' title='bbox 637 2240 757 2284; x_wconf 89' lang='lat' dir='ltr'>omnes</span> <span class='ocrx_word' id='word_1_97' title='bbox 784 2222 876 2299; x_wconf 92' lang='lat' dir='ltr'>illos,</span> <span class='ocrx_word' id='word_1_98' title='bbox 900 2223 959 2305; x_wconf 90' lang='lat' dir='ltr'>qui</span> <span class='ocrx_word' id='word_1_99' title='bbox 986 2222 1029 2284; x_wconf 90' lang='lat' dir='ltr'>ad</span> <span class='ocrx_word' id='word_1_100' title='bbox 1056 2223 1295 2304; x_wconf 89' lang='lat' dir='ltr'>occupandum</span> 
     </span>
    </p>

    <p class='ocr_par' dir='ltr' id='par_1_5' title="bbox 300 2319 1299 3291">
     <span class='ocr_line' id='line_1_18' title="bbox 300 2319 1295 2403; baseline 0.001 -20"><span class='ocrx_word' id='word_1_101' title='bbox 300 2392 305 2402; x_wconf 36' lang='grc' dir='ltr'>Ι</span> <span class='ocrx_word' id='word_1_102' title='bbox 348 2320 403 2384; x_wconf 88' lang='lat' dir='ltr'>vel</span> <span class='ocrx_word' id='word_1_103' title='bbox 421 2319 652 2383; x_wconf 81' lang='lat' dir='ltr'>invadendum</span> <span class='ocrx_word' id='word_1_104' title='bbox 669 2340 812 2402; x_wconf 79' lang='lat' dir='ltr'>regnum</span> <span class='ocrx_word' id='word_1_105' title='bbox 829 2322 955 2403; x_wconf 92' lang='lat' dir='ltr'>ipsum,</span> <span class='ocrx_word' id='word_1_106' title='bbox 974 2321 1028 2384; x_wconf 89' lang='lat' dir='ltr'>vel</span> <span class='ocrx_word' id='word_1_107' title='bbox 1043 2321 1295 2402; x_wconf 90' lang='lat' dir='ltr'>impediendum</span> 
     </span>
     <span class='ocr_line' id='line_1_19' title="bbox 348 2419 1296 2503; baseline 0.001 -20"><span class='ocrx_word' id='word_1_108' title='bbox 348 2427 470 2483; x_wconf 85' lang='lat' dir='ltr'>euntes</span> <span class='ocrx_word' id='word_1_109' title='bbox 492 2420 527 2482; x_wconf 90' lang='lat' dir='ltr'>in</span> <span class='ocrx_word' id='word_1_110' title='bbox 551 2419 703 2503; x_wconf 87' lang='lat' dir='ltr'>ejusdem</span> <span class='ocrx_word' id='word_1_111' title='bbox 734 2422 825 2501; x_wconf 82' lang='lat' dir='ltr'>regis</span> <span class='ocrx_word' id='word_1_112' title='bbox 848 2439 1059 2495; x_wconf 89' lang='lat' dir='ltr'>succursum,</span> <span class='ocrx_word' id='word_1_113' title='bbox 1083 2440 1224 2503; x_wconf 86' lang='lat' dir='ltr'>operam</span> <span class='ocrx_word' id='word_1_114' title='bbox 1243 2421 1296 2485; x_wconf 86' lang='lat' dir='ltr'>vel</span> 
     </span>
     <span class='ocr_line' id='line_1_20' title="bbox 347 2518 1298 2602; baseline 0.001 -21"><span class='ocrx_word' id='word_1_115' title='bbox 347 2538 447 2600; x_wconf 90' lang='lat' dir='ltr'>opem</span> <span class='ocrx_word' id='word_1_116' title='bbox 469 2518 721 2602; x_wconf 90' lang='lat' dir='ltr'>impenderunt,</span> <span class='ocrx_word' id='word_1_117' title='bbox 736 2520 1052 2583; x_wconf 86' lang='lat' dir='ltr'>excommunicatos</span> <span class='ocrx_word' id='word_1_118' title='bbox 1077 2519 1298 2595; x_wconf 87' lang='lat' dir='ltr'>denuntietis,</span> 
     </span>
     <span class='ocr_line' id='line_1_21' title="bbox 348 2619 1297 2683; baseline 0.001 -1"><span class='ocrx_word' id='word_1_119' title='bbox 348 2626 382 2682; x_wconf 90' lang='lat' dir='ltr'>et</span> <span class='ocrx_word' id='word_1_120' title='bbox 403 2627 513 2683; x_wconf 86' lang='lat' dir='ltr'>terras</span> <span class='ocrx_word' id='word_1_121' title='bbox 536 2620 720 2682; x_wconf 90' lang='lat' dir='ltr'>eorundem</span> <span class='ocrx_word' id='word_1_122' title='bbox 745 2620 910 2682; x_wconf 87' lang='lat' dir='ltr'>baronum</span> <span class='ocrx_word' id='word_1_123' title='bbox 934 2619 1169 2682; x_wconf 88' lang='lat' dir='ltr'>ecclesiastico</span> <span class='ocrx_word' id='word_1_124' title='bbox 1193 2621 1297 2683; x_wconf 85' lang='lat' dir='ltr'>inter·</span> 
     </span>
     <span class='ocr_line' id='line_1_22' title="bbox 348 2718 1297 2800; baseline 0.002 -21"><span class='ocrx_word' id='word_1_125' title='bbox 348 2718 440 2782; x_wconf 90' lang='lat' dir='ltr'>dicto</span> <span class='ocrx_word' id='word_1_126' title='bbox 472 2719 672 2800; x_wconf 89' lang='lat' dir='ltr'>suppositas</span> <span class='ocrx_word' id='word_1_127' title='bbox 698 2719 887 2799; x_wconf 90' lang='lat' dir='ltr'>publicetis.</span> <span class='ocrx_word' id='word_1_128' title='bbox 944 2718 1167 2782; x_wconf 88' lang='lat' dir='ltr'>Denuntietis</span> <span class='ocrx_word' id='word_1_129' title='bbox 1194 2720 1297 2781; x_wconf 88' lang='lat' dir='ltr'>etiam</span> 
     </span>
     <span class='ocr_line' id='line_1_23' title="bbox 348 2818 1297 2899; baseline 0 -19"><span class='ocrx_word' id='word_1_130' title='bbox 348 2819 663 2881; x_wconf 85' lang='lat' dir='ltr'>excommunicatos</span> <span class='ocrx_word' id='word_1_131' title='bbox 680 2837 798 2881; x_wconf 88' lang='lat' dir='ltr'>omnes</span> <span class='ocrx_word' id='word_1_132' title='bbox 814 2818 973 2894; x_wconf 92' lang='lat' dir='ltr'>barones,</span> <span class='ocrx_word' id='word_1_133' title='bbox 991 2819 1049 2899; x_wconf 93' lang='lat' dir='ltr'>qui</span> <span class='ocrx_word' id='word_1_134' title='bbox 1067 2818 1102 2879; x_wconf 93' lang='lat' dir='ltr'>in</span> <span class='ocrx_word' id='word_1_135' title='bbox 1118 2819 1297 2899; x_wconf 88' lang='lat' dir='ltr'>praemisso</span> 
     </span>
     <span class='ocr_line' id='line_1_24' title="bbox 348 2916 1299 2998; baseline 0.002 -20"><span class='ocrx_word' id='word_1_136' title='bbox 348 2916 477 2979; x_wconf 93' lang='lat' dir='ltr'>domini</span> <span class='ocrx_word' id='word_1_137' title='bbox 499 2935 599 2998; x_wconf 86' lang='lat' dir='ltr'>papae</span> <span class='ocrx_word' id='word_1_138' title='bbox 624 2917 789 2998; x_wconf 89' lang='lat' dir='ltr'>rescripto</span> <span class='ocrx_word' id='word_1_139' title='bbox 815 2917 1042 2998; x_wconf 88' lang='lat' dir='ltr'>personaliter</span> <span class='ocrx_word' id='word_1_140' title='bbox 1065 2917 1299 2993; x_wconf 88' lang='lat' dir='ltr'>nominantur,</span> 
     </span>
     <span class='ocr_line' id='line_1_25' title="bbox 349 3016 1299 3099; baseline 0 -21"><span class='ocrx_word' id='word_1_141' title='bbox 349 3034 427 3078; x_wconf 92' lang='lat' dir='ltr'>curn</span> <span class='ocrx_word' id='word_1_142' title='bbox 449 3016 527 3079; x_wconf 86' lang='lat' dir='ltr'>aliis</span> <span class='ocrx_word' id='word_1_143' title='bbox 545 3016 702 3078; x_wconf 91' lang='lat' dir='ltr'>omnibus</span> <span class='ocrx_word' id='word_1_144' title='bbox 725 3017 761 3078; x_wconf 86' lang='lat' dir='ltr'>iu</span> <span class='ocrx_word' id='word_1_145' title='bbox 781 3016 1023 3098; x_wconf 88' lang='lat' dir='ltr'>praedictorum</span> <span class='ocrx_word' id='word_1_146' title='bbox 1039 3016 1197 3099; x_wconf 91' lang='lat' dir='ltr'>judicum</span> <span class='ocrx_word' id='word_1_147' title='bbox 1221 3037 1299 3080; x_wconf 87' lang='lat' dir='ltr'>sen-</span> 
     </span>
     <span class='ocr_line' id='line_1_26' title="bbox 350 3113 1298 3196; baseline 0.002 -20"><span class='ocrx_word' id='word_1_148' title='bbox 350 3115 459 3177; x_wconf 88' lang='lat' dir='ltr'>tentia</span> <span class='ocrx_word' id='word_1_149' title='bbox 493 3115 694 3177; x_wconf 89' lang='lat' dir='ltr'>nominatim</span> <span class='ocrx_word' id='word_1_150' title='bbox 728 3115 913 3196; x_wconf 82' lang='lat' dir='ltr'>expressis,</span> <span class='ocrx_word' id='word_1_151' title='bbox 955 3113 1128 3190; x_wconf 82' lang='lat' dir='ltr'>videlicet,</span> <span class='ocrx_word' id='word_1_152' title='bbox 1164 3114 1298 3178; x_wconf 86' lang='lat' dir='ltr'>Walte-</span> 
     </span>
     <span class='ocr_line' id='line_1_27' title="bbox 350 3211 1299 3291; baseline 0.005 -18"><span class='ocrx_word' id='word_1_153' title='bbox 350 3230 424 3273; x_wconf 91' lang='lat' dir='ltr'>rum</span> <span class='ocrx_word' id='word_1_154' title='bbox 448 3211 491 3275; x_wconf 88' lang='lat' dir='ltr'>de</span> <span class='ocrx_word' id='word_1_155' title='bbox 515 3212 689 3291; x_wconf 88' lang='lat' dir='ltr'>Nortuna‚</span> <span class='ocrx_word' id='word_1_156' title='bbox 709 3213 892 3277; x_wconf 88' lang='lat' dir='ltr'>Osbertum</span> <span class='ocrx_word' id='word_1_157' title='bbox 917 3211 1160 3289; x_wconf 85' lang='lat' dir='ltr'>lilium-Alani,</span> <span class='ocrx_word' id='word_1_158' title='bbox 1181 3213 1299 3278; x_wconf 91' lang='lat' dir='ltr'>Olive-</span> 
     </span>
    </p>

    <p class='ocr_par' dir='ltr' id='par_1_6' title="bbox 305 3311 1301 3983">
     <span class='ocr_line' id='line_1_28' title="bbox 305 3311 1299 3390; baseline 0.004 -17"><span class='ocrx_word' id='word_1_159' title='bbox 305 3347 308 3353; x_wconf 95' lang='lat'><em>·</em></span> <span class='ocrx_word' id='word_1_160' title='bbox 348 3312 436 3374; x_wconf 93' lang='lat' dir='ltr'>rium</span> <span class='ocrx_word' id='word_1_161' title='bbox 459 3312 502 3375; x_wconf 92' lang='lat' dir='ltr'>de</span> <span class='ocrx_word' id='word_1_162' title='bbox 524 3311 697 3390; x_wconf 90' lang='lat' dir='ltr'>Vallibus,</span> <span class='ocrx_word' id='word_1_163' title='bbox 723 3313 771 3376; x_wconf 90' lang='lat' dir='ltr'>H.</span> <span class='ocrx_word' id='word_1_164' title='bbox 795 3314 837 3376; x_wconf 89' lang='lat' dir='ltr'>de</span> <span class='ocrx_word' id='word_1_165' title='bbox 861 3311 1064 3389; x_wconf 88' lang='lat' dir='ltr'>Braibrock,</span> <span class='ocrx_word' id='word_1_166' title='bbox 1088 3312 1135 3376; x_wconf 90' lang='lat' dir='ltr'>R.</span> <span class='ocrx_word' id='word_1_167' title='bbox 1159 3313 1202 3377; x_wconf 87' lang='lat' dir='ltr'>de</span> <span class='ocrx_word' id='word_1_168' title='bbox 1227 3314 1299 3377; x_wconf 91' lang='lat' dir='ltr'>Ro·</span> 
     </span>
     <span class='ocr_line' id='line_1_29' title="bbox 350 3409 1300 3493; baseline 0.002 -21"><span class='ocrx_word' id='word_1_169' title='bbox 350 3411 438 3492; x_wconf 92' lang='lat' dir='ltr'>pele,</span> <span class='ocrx_word' id='word_1_170' title='bbox 454 3409 511 3474; x_wconf 92' lang='lat' dir='ltr'>W.</span> <span class='ocrx_word' id='word_1_171' title='bbox 535 3411 578 3473; x_wconf 91' lang='lat' dir='ltr'>de</span> <span class='ocrx_word' id='word_1_172' title='bbox 603 3412 804 3493; x_wconf 82' lang='lat' dir='ltr'>Hobreggc,</span> <span class='ocrx_word' id='word_1_173' title='bbox 823 3411 879 3475; x_wconf 91' lang='lat' dir='ltr'>W.</span> <span class='ocrx_word' id='word_1_174' title='bbox 897 3413 939 3475; x_wconf 89' lang='lat' dir='ltr'>de</span> <span class='ocrx_word' id='word_1_175' title='bbox 963 3411 1137 3488; x_wconf 88' lang='lat' dir='ltr'>Mauduit,</span> <span class='ocrx_word' id='word_1_176' title='bbox 1166 3412 1300 3476; x_wconf 87' lang='lat' dir='ltr'>Mauri-</span> 
     </span>
     <span class='ocr_line' id='line_1_30' title="bbox 350 3508 1297 3588; baseline 0.005 -17"><span class='ocrx_word' id='word_1_177' title='bbox 350 3510 436 3572; x_wconf 88' lang='lat' dir='ltr'>tium</span> <span class='ocrx_word' id='word_1_178' title='bbox 460 3509 502 3572; x_wconf 93' lang='lat' dir='ltr'>de</span> <span class='ocrx_word' id='word_1_179' title='bbox 534 3508 642 3586; x_wconf 88' lang='lat' dir='ltr'>Gant,</span> <span class='ocrx_word' id='word_1_180' title='bbox 667 3511 712 3574; x_wconf 91' lang='lat' dir='ltr'>R.</span> <span class='ocrx_word' id='word_1_181' title='bbox 743 3512 785 3574; x_wconf 94' lang='lat' dir='ltr'>de</span> <span class='ocrx_word' id='word_1_182' title='bbox 816 3510 975 3588; x_wconf 86' lang='lat' dir='ltr'>Berkele,</span> <span class='ocrx_word' id='word_1_183' title='bbox 999 3510 1111 3575; x_wconf 85' lang='lat' dir='ltr'>Adam</span> <span class='ocrx_word' id='word_1_184' title='bbox 1139 3511 1182 3574; x_wconf 89' lang='lat' dir='ltr'>de</span> <span class='ocrx_word' id='word_1_185' title='bbox 1215 3511 1297 3576; x_wconf 88' lang='lat' dir='ltr'>Lin-</span> 
     </span>
     <span class='ocr_line' id='line_1_31' title="bbox 349 3608 1301 3687; baseline 0.002 -15"><span class='ocrx_word' id='word_1_186' title='bbox 349 3608 474 3686; x_wconf 88' lang='lat' dir='ltr'>colnia,</span> <span class='ocrx_word' id='word_1_187' title='bbox 491 3608 538 3672; x_wconf 88' lang='lat' dir='ltr'>R.</span> <span class='ocrx_word' id='word_1_188' title='bbox 555 3609 597 3672; x_wconf 95' lang='lat' dir='ltr'>de</span> <span class='ocrx_word' id='word_1_189' title='bbox 616 3610 842 3687; x_wconf 87' lang='lat' dir='ltr'>Mandevilla,</span> <span class='ocrx_word' id='word_1_190' title='bbox 860 3610 919 3674; x_wconf 90' lang='lat' dir='ltr'>W.</span> <span class='ocrx_word' id='word_1_191' title='bbox 938 3609 980 3673; x_wconf 89' lang='lat' dir='ltr'>de</span> <span class='ocrx_word' id='word_1_192' title='bbox 1000 3609 1201 3686; x_wconf 87' lang='lat' dir='ltr'>Lanvaleie,</span> <span class='ocrx_word' id='word_1_193' title='bbox 1219 3610 1301 3674; x_wconf 87' lang='lat' dir='ltr'>Phi·</span> 
     </span>
     <span class='ocr_line' id='line_1_32' title="bbox 348 3707 1300 3789; baseline 0.004 -19"><span class='ocrx_word' id='word_1_194' title='bbox 348 3707 479 3789; x_wconf 90' lang='lat' dir='ltr'>lippum</span> <span class='ocrx_word' id='word_1_195' title='bbox 498 3707 646 3772; x_wconf 84' lang='lat' dir='ltr'>filium-J</span> <span class='ocrx_word' id='word_1_196' title='bbox 648 3708 805 3786; x_wconf 89' lang='lat' dir='ltr'>ohannis,</span> <span class='ocrx_word' id='word_1_197' title='bbox 821 3709 1034 3773; x_wconf 91' lang='lat' dir='ltr'>Willelmum</span> <span class='ocrx_word' id='word_1_198' title='bbox 1050 3709 1094 3772; x_wconf 87' lang='lat' dir='ltr'>de</span> <span class='ocrx_word' id='word_1_199' title='bbox 1109 3710 1300 3786; x_wconf 84' lang='lat' dir='ltr'>Tuintune,</span> 
     </span>
     <span class='ocr_line' id='line_1_33' title="bbox 349 3806 1301 3888; baseline 0.004 -19"><span class='ocrx_word' id='word_1_200' title='bbox 349 3806 408 3870; x_wconf 92' lang='lat' dir='ltr'>W.</span> <span class='ocrx_word' id='word_1_201' title='bbox 432 3807 473 3870; x_wconf 89' lang='lat' dir='ltr'>de</span> <span class='ocrx_word' id='word_1_202' title='bbox 498 3807 742 3888; x_wconf 83' lang='lat' dir='ltr'>Huntingfeld,</span> <span class='ocrx_word' id='word_1_203' title='bbox 766 3807 1005 3872; x_wconf 81' lang='lat' dir='ltr'>Alexandrum</span> <span class='ocrx_word' id='word_1_204' title='bbox 1033 3808 1076 3871; x_wconf 91' lang='lat' dir='ltr'>de</span> <span class='ocrx_word' id='word_1_205' title='bbox 1109 3807 1301 3886; x_wconf 90' lang='lat' dir='ltr'>Puintuna,</span> 
     </span>
     <span class='ocr_line' id='line_1_34' title="bbox 350 3905 1301 3983; baseline 0.005 -16"><span class='ocrx_word' id='word_1_206' title='bbox 350 3905 396 3968; x_wconf 89' lang='lat' dir='ltr'>R.</span> <span class='ocrx_word' id='word_1_207' title='bbox 412 3906 456 3968; x_wconf 90' lang='lat' dir='ltr'>de</span> <span class='ocrx_word' id='word_1_208' title='bbox 480 3905 684 3982; x_wconf 86' lang='lat' dir='ltr'>Munlicbct,</span> <span class='ocrx_word' id='word_1_209' title='bbox 709 3908 754 3971; x_wconf 91' lang='lat' dir='ltr'>R.</span> <span class='ocrx_word' id='word_1_210' title='bbox 773 3908 816 3971; x_wconf 92' lang='lat' dir='ltr'>de</span> <span class='ocrx_word' id='word_1_211' title='bbox 839 3907 986 3983; x_wconf 88' lang='lat' dir='ltr'>Gresloi,</span> <span class='ocrx_word' id='word_1_212' title='bbox 1005 3906 1200 3970; x_wconf 84' lang='lat' dir='ltr'>Galfridum</span> <span class='ocrx_word' id='word_1_213' title='bbox 1219 3929 1301 3972; x_wconf 90' lang='lat' dir='ltr'>con-</span> 
     </span>
    </p>
   </div>
   <div class='ocr_carea' id='block_1_5' title="bbox 349 4005 1300 4083">
    <p class='ocr_par' dir='ltr' id='par_1_7' title="bbox 349 4005 1300 4083">
     <span class='ocr_line' id='line_1_35' title="bbox 349 4005 1300 4083; baseline 0.004 -16"><span class='ocrx_word' id='word_1_214' title='bbox 349 4005 576 4068; x_wconf 88' lang='lat' dir='ltr'>stabularium</span> <span class='ocrx_word' id='word_1_215' title='bbox 594 4006 636 4069; x_wconf 92' lang='lat' dir='ltr'>de</span> <span class='ocrx_word' id='word_1_216' title='bbox 661 4006 864 4083; x_wconf 88' lang='lat' dir='ltr'>Meantuna,</span> <span class='ocrx_word' id='word_1_217' title='bbox 883 4006 941 4070; x_wconf 90' lang='lat' dir='ltr'>W.</span> <span class='ocrx_word' id='word_1_218' title='bbox 960 4005 1241 4070; x_wconf 88' lang='lat' dir='ltr'>archidiaconum</span> <span class='ocrx_word' id='word_1_219' title='bbox 1260 4010 1300 4072; x_wconf 91' lang='lat' dir='ltr'>de</span> 
     </span>
    </p>
   </div>
   <div class='ocr_carea' id='block_1_6' title="bbox 462 4179 1187 4247">
    <p class='ocr_par' dir='ltr' id='par_1_8' title="bbox 462 4179 1187 4247">
     <span class='ocr_line' id='line_1_36' title="bbox 462 4179 1187 4247; baseline 0.011 -17"><span class='ocrx_word' id='word_1_220' title='bbox 462 4179 468 4211; x_wconf 93' lang='lat'>¹</span> <span class='ocrx_word' id='word_1_221' title='bbox 483 4182 659 4245; x_wconf 67' lang='lat' dir='ltr'>Innocentius]</span> <span class='ocrx_word' id='word_1_222' title='bbox 679 4184 781 4246; x_wconf 80' lang='lat' dir='ltr'>Rymer,</span> <span class='ocrx_word' id='word_1_223' title='bbox 792 4182 854 4232; x_wconf 81' lang='lat' dir='ltr'>from</span> <span class='ocrx_word' id='word_1_224' title='bbox 868 4184 932 4234; x_wconf 85' lang='lat' dir='ltr'>Mat.</span> <span class='ocrx_word' id='word_1_225' title='bbox 946 4185 1041 4244; x_wconf 82' lang='lat' dir='ltr'>Paris;</span> <span class='ocrx_word' id='word_1_226' title='bbox 1059 4185 1076 4233; x_wconf 90' lang='lat' dir='ltr'>i.</span> <span class='ocrx_word' id='word_1_227' title='bbox 1089 4201 1115 4247; x_wconf 86' lang='lat' dir='ltr'>p.</span> <span class='ocrx_word' id='word_1_228' title='bbox 1130 4190 1187 4238; x_wconf 76' lang='lat'>1³⁹.</span> 
     </span>
    </p>
   </div>
   <div class='ocr_carea' id='block_1_7' title="bbox 0 0 1497 5016">
    <p class='ocr_par' dir='ltr' id='par_1_9' title="bbox 0 0 1497 5016">
     <span class='ocr_line' id='line_1_37' title="bbox 0 0 1497 5016; baseline 0 0"><span class='ocrx_word' id='word_1_229' title='bbox 0 0 1497 5016; x_wconf 95' lang='lat' dir='ltr'> </span> 
     </span>
    </p>
   </div>
  </div>
 </body>
</html>
