2970 5016
370 426 392 490 8
632 442 765 489 nocam
790 443 837 489 mr
859 441 1066 489 wunnovmr

210 609 333 651 itu-¹¹⁸⁹·
373 617 482 680 usque
507 615 614 660 sexus
639 615 683 658 ex
708 596 757 658 eis
779 593 982 669 interfectis,
1004 600 1039 656 et
1059 592 1217 656 domibus
1245 593 1327 656 sub-

374 698 485 760 versis
511 705 546 759 et
571 693 758 769 succensis,
784 713 905 757 aurum
930 713 1047 756 eorum
1073 701 1109 755 et
1134 699 1328 773 argentum,

375 796 514 860 chartas
533 802 567 857 et
583 802 698 857 vestes
717 794 888 874 pretiosas
905 798 1115 873 rapueruut3
1135 789 1194 872 qui
1212 800 1329 854 autem

377 896 421 958 ab
438 894 502 957 bac
520 892 618 956 clade
639 900 836 968 evaseruut,
854 890 1016 971 fugerunt
1033 889 1077 953 ad
1094 890 1215 953 turrim
1235 890 1328 954 Lon-

376 994 482 1069 donii,
505 1001 541 1055 et
568 992 602 1054 in
625 990 783 1054 domibus
808 991 995 1054 amicorum
1022 1009 1164 1053 suorum
1183 990 1219 1052 in
1243 989 1329 1053 locis

377 1091 523 1156 diversis
545 1091 723 1154 latitantes
747 1090 790 1152 de
816 1109 880 1152 suo
904 1089 1030 1152 damno
1053 1089 1181 1151 multos
1204 1087 1329 1151 divites

378 1190 611 1254 reddiderunt.
648 1189 737 1252 Haec
755 1189 949 1269 persecutio
965 1189 1000 1250 in
1019 1195 1097 1251 ortu
1110 1187 1244 1270 jubilaei
1262 1188 1328 1263 sui,

379 1309 481 1372 quem
498 1308 625 1352 annum
647 1288 858 1351 remissionis
879 1287 1069 1368 appellant,
1087 1285 1249 1349 inchoata
1266 1285 1327 1349 vix

380 1408 441 1471 per
466 1407 592 1451 annum
619 1388 862 1468 conquiescere
885 1387 1011 1466 potuit,
1036 1405 1128 1462 nam,
1155 1385 1330 1448 contraria

381 1488 525 1564 ratione,
543 1487 602 1569 qui
620 1487 737 1549 debuit
754 1485 803 1548 eis
821 1505 932 1548 annus
950 1505 1025 1548 esse
1038 1485 1248 1548 remissionis
1259 1484 1330 1547 fac·

380 1594 438 1650 tus
465 1594 519 1649 est
544 1585 614 1648 illis
640 1584 804 1667 jubilaeus
830 1584 1052 1648 confusionis.
1107 1583 1149 1646 Iu
1178 1585 1330 1648 crastino

380 1692 509 1759 autem,
527 1704 610 1747 cum
638 1703 701 1746 rex
724 1683 828 1746 talem
852 1684 1072 1764 cognovisset
1095 1683 1257 1766 iujuriam
1280 1682 1330 1746 eis

380 1783 527 1859 iliatam,
548 1801 651 1864 quam
671 1783 845 1864 propriam
869 1783 1064 1863 reputabat,
1082 1780 1250 1863 quosdam
1273 1801 1331 1845 eo·

381 1901 457 1945 rum
485 1881 568 1945 fecit
592 1880 846 1963 comprehendi,
869 1900 1013 1963 quorum
1044 1891 1114 1945 tres
1143 1880 1332 1962 culpabiles
1363 1882 1364 1886 ’

381 1980 612 2063 deprehensos
634 2000 696 2062 per
713 1979 882 2063 judicium
908 1981 1011 2044 curiae
1034 2000 1107 2044 suae
1125 1979 1232 2062 jussit
1254 1998 1331 2043 sus·

382 2079 513 2162 pendi;
547 2098 652 2142 unum
678 2099 771 2155 vero,
798 2080 881 2161 quia
905 2079 1035 2143 furtum
1065 2079 1195 2142 fecerat
1224 2079 1266 2142 de
1295 2097 1332 2142 re

383 2178 562 2262 cujusdam
589 2177 802 2256 Christiani;
831 2178 929 2255 duoS,
956 2179 1038 2261 quia
1061 2177 1254 2242 incendium
1281 2177 1332 2240 ie-

383 2286 505 2340 cerunt
533 2278 569 2340 in
599 2278 754 2352 civitate,
787 2276 877 2341 unde
908 2278 1030 2341 domus
1056 2277 1332 2341 Christianorum

383 2384 466 2439 sunt
483 2377 681 2440 combustae.
722 2375 912 2441 Audientes
929 2385 1045 2440 autem
1064 2376 1255 2440 Christiani
1272 2395 1333 2457 per

385 2473 550 2555 Angliam
572 2474 608 2537 in
631 2474 716 2538 locis
739 2474 884 2538 diversis
911 2477 1104 2551 constituti,
1124 2475 1214 2557 quod
1241 2474 1332 2557 apud

387 2572 584 2637 Loudonias
616 2580 730 2637 actum
762 2582 814 2638 est
846 2575 888 2637 de
920 2574 1066 2651 Judaeis,
1093 2576 1267 2637 irruerunt
1296 2575 1332 2637 in

385 2692 446 2736 eos
479 2673 614 2754 ubique,
647 2673 901 2755 maximamque
926 2694 970 2737 ex
999 2674 1049 2737 eis
1075 2681 1226 2754 stragem
1249 2672 1334 2735 saci·

386 2780 483 2835 entes
509 2780 685 2835 eteorum
715 2772 828 2852 spolia
849 2772 1048 2855 diripientes
1072 2772 1200 2835 multos
1221 2771 1334 2834 immi-

387 2871 604 2934 sericorditer
630 2878 873 2951 perememnt;
906 2871 966 2935 sed
991 2892 1054 2935 rex
1079 2870 1274 2935 Richardus
1297 2871 1332 2933 in

386 2971 537 3032 crastino
557 2969 789 3034 coronationis
811 2990 896 3046 suae,
913 2990 991 3033 cum
1015 2970 1176 3053 homagia
1195 2978 1231 3033 et
1252 2969 1335 3032 fide-

386 3067 502 3130 litates
523 3086 544 3130 a
565 3068 660 3147 regni
681 3069 899 3149 magnatibus
922 3070 1143 3151 suscepisset,
1159 3069 1334 3152 prohibuit

386 3167 624 3248 nequisquam
639 3165 773 3231 Judaeis
790 3161 1006 3243 ¹iorisfaciat,
1022 3167 1081 3230 sed
1098 3187 1218 3248 pacem
1235 3186 1334 3230 suam

385 3264 534 3329 habeant
551 3284 612 3347 per
625 3285 743 3329 omnes
759 3265 897 3347 Angliae
913 3265 1083 3329 civitates.

584 3431 633 3494 De
647 3433 855 3515 munificentia
870 3432 949 3517 repis
965 3431 1132 3497 sicardi.

224 3567 374 3668 &imm
438 3548 535 3617 Rex²
556 3553 752 3618 Richardus
772 3557 950 3620 monachis
973 3556 1271 3634 CisterciensibuS‚
1293 3558 1336 3619 ad

223 3669 358 3709 cicerem.
386 3652 576 3733 capitulum
608 3655 768 3734 generale
799 3657 841 3718 de
872 3656 1017 3719 diversis
1050 3664 1218 3718 terrarum
1250 3656 1335 3719 locis

387 3751 683 3829 convenientibus,
720 3755 866 3835 siugulis
899 3754 1000 3817 annis
1030 3761 1166 3818 centum
1202 3774 1336 3818 marcas

387 3852 522 3930 argenti
537 3851 683 3915 contulit
699 3860 734 3916 ct
749 3853 871 3918 charta
886 3872 950 3917 sua
964 3853 1191 3917 confirmavit.

394 4023 597 4141 [Foderunt
611 4028 622 4089 ]
647 4029 654 4054 ‘
668 4026 851 4092 Forissuceret,'
876 4103 892 4147 6
912 4029 987 4080 ²Rex
1000 4031 1159 4094 Richardus]
1178 4032 1278 4092 Dicam,
1289 4031 1336 4079 coi.

407 4096 424 4143 ’.
893 4104 932 4149 48.
