2970 5016
416 474 555 521 anonas
580 474 850 524 nrsromnnun.
1093 462 1114 522 5

157 629 285 709 [auri];
303 624 483 695 ¹numerus
495 653 578 696 vero
598 632 823 715 supellectilis
838 652 910 695 suae
925 633 960 694 in
972 632 1110 694 annulis
1125 643 1181 683 ³11³·
1193 645 1250 684 ¹¹⁸⁹·

156 737 191 790 et
207 730 301 792 vasis
325 732 439 794 aureis
468 740 502 794 et
526 733 713 813 argenteis,
742 731 846 808 bladi,
867 732 1021 794 vestibus
1042 730 1110 793 fes-

157 827 238 890 tivis
254 835 290 891 et
304 830 600 915 instauramentis,
618 832 727 895 crevit
742 833 777 893 in
794 832 1009 893 immensum.

359 1002 522 1064 Ooroaatio
537 1002 618 1086 repis
631 1000 789 1065 aichardi
798 1001 912 1085 primi.

209 1123 293 1185 Dux
312 1124 521 1201 Richardus,
536 1128 695 1189 omnibus
711 1126 915 1189 necessariis
933 1126 976 1188 ad
993 1119 1107 1189 ²coro·
1122 1137 1263 1228 ffffipffiggl

161 1222 333 1285 nationem
354 1244 453 1287 suam
475 1226 693 1306 praeparatis,
712 1225 909 1287 Londonias
926 1226 1034 1300 venit,
1050 1226 1109 1287 ubi
1266 1215 1270 1223 ⁵

159 1324 379 1402 congregatis
403 1323 670 1405 archiepiscopis
694 1323 949 1398 Cantuariensi,
973 1323 1108 1386 Rotho·
1163 1318 1168 1328 '

160 1421 315 1500 magensi
333 1429 368 1484 et
384 1422 602 1498 Treverensi,
620 1441 641 1485 a
658 1423 783 1504 quibus
800 1422 980 1485 absolutus
995 1422 1109 1485 suerat

160 1519 194 1580 in
217 1520 374 1599 partibus
390 1522 642 1598 transmarinis,
662 1541 703 1583 eo
724 1521 815 1603 quod
834 1540 931 1583 arma
954 1528 1110 1584 moverat

159 1624 280 1680 contra
309 1627 443 1700 patrem
478 1639 577 1682 suum
612 1628 692 1702 post
721 1627 917 1701 susceptam
945 1639 1108 1697 crucem;

161 1715 271 1779 adfuit
299 1724 334 1779 et
364 1718 642 1801 archiepiscopus
673 1718 909 1794 Dublinensis‚
935 1737 1013 1782 cum
1037 1737 1110 1781 om-

162 1815 262 1877 nibus
292 1817 475 1899 episcopis,
504 1817 696 1894 comitibus,
730 1818 916 1881 baronibus
946 1826 981 1880 et
1011 1836 1110 1898 mag·

163 1913 301 1977 natibus
328 1917 451 1997 regni3
483 1916 703 1997 congregatis
728 1917 836 1997 igitur
857 1917 1028 1992 omnibus,
1055 1936 1112 1979 or·

161 2011 240 2075 dine
268 2014 464 2097 subscripto
496 2015 655 2079 diadema
687 2016 850 2096 suscepit.
917 2014 959 2077 In
991 2014 1110 2095 primis

162 2120 330 2176 venerunt
353 2113 612 2196 archiepiscopi,
636 2114 801 2196 episcopi,
821 2115 964 2177 abbates
984 2121 1019 2176 et
1040 2113 1109 2177 cle-

163 2210 233 2283 rici,
266 2212 386 2293 cappis
417 2213 540 2289 induti,
571 2214 845 2295 praecedentibus
878 2231 990 2288 cruce,
1018 2230 1110 2294 aqua

163 2309 342 2374 benedicta
364 2319 400 2375 et
422 2312 617 2389 thuribulis,
641 2331 751 2395 usque
780 2312 823 2374 ad
846 2312 973 2374 ostium
996 2310 1109 2374 thala·

162 2408 208 2470 mi
240 2410 425 2487 interioris,
455 2413 515 2474 ubi
543 2420 687 2493 accepto
718 2411 804 2474 duce
835 2410 1009 2474 duxerunt
1032 2430 1108 2473 amn

161 2507 196 2569 in
216 2509 396 2572 ecelesiam
412 2510 817 2575 westmonasteriensem
841 2510 1014 2590 usquead
1037 2528 1110 2572 ma·

157 2606 217 2687 jus
251 2607 362 2670 altare
395 2628 473 2671 cum
505 2611 724 2690 processione
757 2610 910 2673 solemni.
965 2608 1007 2670 In
1040 2628 1108 2670 me·

163 2704 220 2768 dio
249 2713 364 2770 autem
391 2708 630 2789 episcoporum
657 2716 692 2771 et
717 2707 918 2771 clericorum
947 2707 1110 2786 procede·

163 2804 248 2867 bant
266 2813 416 2887 quatuor
436 2808 581 2870 barones
604 2814 782 2889 portantes
802 2804 1010 2867 candelabra
1033 2823 1111 2867 cum

164 2904 287 2982 cereis;
308 2912 386 2986 post
404 2925 492 2987 quos
510 2907 695 2969 veniebant
712 2905 780 2967 duo
796 2904 951 2980 comites,
966 2921 1111 2985 quorum

164 3003 293 3082 primus
317 3005 479 3084 portabat
501 3013 673 3086 sceptrum
697 3002 826 3082 regale,
843 3003 877 3064 in
895 3003 994 3086 cujus
1017 3022 1111 3066 sum·

165 3101 285 3165 mitate
306 3109 381 3166 erat
402 3104 537 3185 signum
561 3105 672 3167 crucis
694 3121 846 3177 aureum,
866 3110 901 3165 et
921 3103 1009 3165 alter
1032 3121 1111 3184 por-

165 3200 263 3264 tabat
290 3201 424 3283 virgam
456 3203 617 3283 regalem,
644 3202 825 3264 habentem
853 3203 888 3263 in
915 3201 1113 3263 summitate

165 3298 378 3378 columbam3
402 3309 437 3363 et
460 3310 539 3382 post
564 3301 643 3364 illos
661 3300 845 3363 veniebant
867 3299 935 3362 duo
958 3299 1113 3375 comites,

165 3404 200 3458 et
213 3398 337 3462 tertius
356 3400 390 3460 in
416 3399 527 3462 medio
547 3419 677 3474 eorum,
693 3406 873 3480 portantes
890 3405 960 3460 tres
978 3398 1113 3478 gladios

164 3514 240 3558 cum
260 3497 396 3578 vaginis
420 3499 546 3573 aureis,
569 3498 611 3560 de
634 3498 797 3560 thesauro
820 3497 912 3577 regis
935 3504 1112 3576 sumptos,

203 3677 383 3748 'Numerus.]
416 3681 448 3729 In
472 3681 564 3730 Diceto
586 3681 629 3730 the
689 3679 912 3744 2Cerauniorum]
930 3680 992 3728 'l’his
1009 3684 1116 3728 account

166 3764 275 3811 passage
294 3751 424 3811 following
445 3751 533 3799 stands
551 3751 628 3810 thus;
655 3751 684 3799 oi
696 3752 739 3800 the
759 3749 946 3800 coronationes
961 3748 1071 3796 Richard
1082 3749 1117 3807 1.,

166 3819 352 3879 ‘supellectilis
369 3834 424 3868 suae
440 3835 560 3868 numerus
576 3826 629 3868 tam
655 3821 777 3881 probably
788 3820 831 3868 the
847 3819 950 3868 earliest
966 3822 1073 3866 account
1088 3816 1118 3866 oi

167 3891 353 3948 inauroquam
373 3890 399 3937 in
416 3890 629 3951 argento,tamin
655 3890 697 3938 the
719 3904 862 3949 ceremony,
880 3888 926 3936 has
948 3888 1010 3936 been
1036 3900 1116 3935 soma·

165 3957 239 4018 equis
250 3972 326 4017 quam
339 3959 365 4005 in
376 3960 489 4007 vestibus
506 3959 631 4019 pretiosis,
655 3959 724 4008 what
735 3958 857 4019 abridged
868 3956 930 4005 irom
940 3957 1024 4004 Abbot
1036 3956 1116 4005 Bene·

166 4032 215 4074 tam
234 4027 259 4074 iu
278 4027 354 4076 blado
370 4043 445 4088 quam
462 4029 487 4075 in
507 4028 630 4076 instaura·
655 4028 718 4089 dict,
737 4043 764 4088 p.
786 4031 845 4087 557,
863 4041 927 4088 seqq.
976 4026 1052 4085 Upon
1073 4025 1116 4073 the

167 4096 266 4156 mentis,
285 4096 312 4144 in
327 4098 474 4146 immemum
494 4099 605 4147 excrevit
615 4097 632 4157 3’
655 4100 866 4144 commencement
873 4095 902 4143 oi
910 4096 952 4143 the
961 4095 1048 4156 regnel
1056 4109 1117 4156 year

166 4165 215 4214 col.
227 4169 286 4217 647.
656 4166 684 4213 oi
695 4166 745 4214 this
762 4165 833 4226 king,
845 4179 887 4213 see
902 4165 942 4212 Sir
960 4164 1051 4213 Hatris
1069 4164 1117 4213 Ni-

656 4234 734 4297 colas,
745 4234 864 4285 Chronol.
877 4234 991 4296 History,
1003 4250 1029 4296 p.
1040 4238 1098 4284 284.
