2970 5016
451 469 591 518 aconas
616 469 885 519 nrsronrtnuu.
1074 455 1140 521 383

190 623 348 687 werclolc
362 624 480 701 situm,
497 625 611 689 dictus
635 645 697 688 rex
711 645 788 688 cum
808 624 1030 706 magnatibus
1046 625 1139 691 illius
1152 643 1206 683 en·
1219 645 1274 682 ¹²¹⁶·

190 723 341 804 regionis
366 724 547 787 castellum
573 724 778 799 circumivit,
807 731 846 787 ut
872 724 1004 787 videret
1037 726 1067 788 si
1094 746 1139 791 ex

187 821 309 903 aliqua
333 828 431 903 parte
453 830 545 886 esset
559 823 812 903 expugnabilis,
840 822 1040 886 balistarius
1064 825 1141 905 qui·

190 919 284 994 dam,
312 921 372 1000 qui
401 921 437 983 in
461 928 578 984 castro
608 926 696 995 erat,
719 920 825 983 telum
848 921 1022 996 emittens,
1050 922 1139 985 Eus-

190 1018 340 1081 tachium
363 1019 406 1081 de
424 1018 530 1083 Vesci
547 1019 657 1083 virum
681 1019 828 1083 nobilem
849 1026 885 1082 et
906 1026 1079 1099 potentem
1103 1021 1138 1083 in

190 1115 303 1179 fronte
332 1118 514 1198 percussit,
546 1118 618 1199 qui,
643 1118 783 1180 cerebro
808 1136 886 1180 cum
916 1117 1029 1198 capite
1062 1137 1140 1198 per-

191 1213 318 1291 forato,
347 1215 441 1279 illico
464 1215 622 1298 spiritum
646 1215 850 1292 exhalavit3
883 1216 1003 1279 babuit
1023 1225 1139 1281 autem

190 1311 304 1375 dictus
323 1312 531 1378 Eustachius
546 1333 699 1377 sororem
716 1314 808 1394 regis
828 1313 955 1377 Scotiae
971 1333 1114 1378 uxorem
1128 1335 1138 1393 ;

191 1410 283 1474 unde
311 1411 402 1474 idem
432 1433 492 1477 rex
517 1433 595 1477 cum
618 1413 779 1475 universo
801 1412 969 1474 baronum
991 1412 1139 1493 collegio

191 1509 402 1574 exstiterunt
415 1513 517 1575 nimis
533 1510 648 1575 animo
673 1511 897 1573 consternati.
951 1510 1031 1574 Rex
1054 1530 1139 1592 quo·

192 1625 271 1687 qne,
284 1606 378 1672 sacto
396 1609 568 1692 homagio,
584 1616 623 1671 ut
639 1609 841 1689 praedictum
858 1614 923 1683 est,
941 1608 985 1670 ad
1002 1609 1142 1690 propria

191 1705 369 1770 remeavit.

343 1877 385 1941 Ut
392 1878 534 1962 proditio
549 1879 747 1942 Frarworam
762 1879 875 1942 detecto
882 1879 998 1963 fuerit.

245 1999 400 2081 Contigit
417 2001 482 2063 hac
494 2008 699 2082 tempestate
709 2002 944 2067 vicecomitem
954 2000 996 2064 de
1009 2000 1198 2076 Melun,n
1155 2016 1277 2105 ⁰⁰,¹3‘⁸⁵⁰,⁰
1277 2065 1301 2103 r

195 2097 305 2160 virum
336 2099 486 2161 nobilem
516 2099 558 2161 de
589 2119 697 2179 regno
725 2100 949 2175 Francorum,
981 2099 1040 2181 qni
1064 2116 1212 2162 eumne
1199 2116 1286 2203 1330?
1258 2120 1297 2152 unt

195 2193 406 2258 Lodowico
397 2215 433 2257 m
445 2194 609 2276 Angliam
626 2199 829 2273 venerat,1n
847 2199 931 2260 urbe
946 2197 1142 2261 Londouia-
1155 2166 1181 2203 ‘¹
1189 2164 1225 2204 κ

194 2310 269 2353 rum
302 2292 456 2371 graviter
480 2293 669 2370 infirmari;
700 2295 772 2375 qui,
799 2313 877 2356 cum
907 2300 1050 2356 mortem
1076 2292 1141 2354 sibi

194 2389 372 2452 imminere
409 2397 643 2471 cognosceret,
680 2388 827 2450 adscivit
857 2388 901 2450 ad
934 2390 1143 2471 colloquium

193 2506 296 2550 suum
311 2486 476 2568 quosdam
495 2487 641 2550 barones
658 2484 810 2565 Angliae,
824 2485 936 2566 quiob
950 2486 1143 2549 custodiam

193 2585 347 2649 civitatis
378 2585 415 2644 in
439 2584 522 2646 urbe
548 2589 795 2660 remanserant,
822 2592 857 2646 et
882 2583 1060 2647 consessus
1090 2590 1143 2647 est

194 2680 414 2744 audientibus
439 2682 584 2758 cunctis,
608 2681 726 2745 dicens
750 2681 812 2757 eis,
836 2679 993 2758 ‘Doleo,'
1018 2682 1144 2764 inquit,

195 2784 320 2861 ‘snper
345 2778 557 2842 desolatione
589 2786 625 2843 et
651 2780 875 2844 subversione
900 2786 1028 2856 vestra,
1049 2780 1142 2861 quod

196 2895 270 2953 vos,
300 2894 379 2957 quae
412 2876 510 2939 vobis
538 2876 715 2941 imminent
752 2878 918 2959 pericula,
944 2878 1140 2958 ignoratis;

191 2974 326 3057 juravit
337 2993 485 3056 namque
502 2973 707 3039 Lodowicus
727 2983 762 3039 et
777 2976 924 3041 sedecim
943 2995 1021 3040 cum
1043 2996 1084 3040 eo
1099 2976 1142 3041 de

194 3092 303 3153 regno
324 3072 535 3136 Francorum
561 3074 704 3138 comites
731 3082 766 3138 et
791 3076 950 3151 barones,
978 3075 1081 3156 quod,
1111 3073 1142 3138 si

196 3172 381 3252 contigerit
401 3191 479 3234 eum
499 3170 664 3252 Angliam
686 3171 875 3255 subjugare
896 3181 930 3236 et
947 3193 1061 3252 regem
1085 3193 1144 3237 co·

196 3269 323 3346 nonari,
345 3270 419 3350 ipse
437 3288 555 3333 omnes
571 3269 661 3346 illos,
684 3271 745 3350 qui
768 3291 859 3335 nurrc
882 3289 959 3335 cum
984 3272 1060 3351 ipso
1083 3272 1143 3333 mi-

196 3367 298 3431 litant
319 3375 354 3430 et
374 3386 489 3448 regem
504 3367 528 3430 J
530 3367 700 3431 ohannem
724 3375 989 3451 persequuntur,
1007 3376 1046 3430 ut
1063 3388 1143 3449 pro·

195 3464 325 3529 ditores
351 3465 481 3529 domini
503 3467 557 3531 sui
580 3474 747 3548 perpetuo
773 3467 954 3530 damnaret
976 3465 1081 3529 exilio
1109 3475 1144 3531 et

195 3582 296 3627 omne
319 3581 430 3644 genus
452 3563 581 3628 deleret
603 3565 646 3627 de
671 3572 787 3644 terra;
820 3573 864 3638 et,
894 3584 937 3627 ne
961 3563 1026 3629 hoc
1046 3566 1144 3628 vobis

197 3669 355 3724 vertatur
371 3663 406 3723 in
422 3661 575 3738 dubium,
593 3682 670 3743 ego,
693 3663 752 3744 qui
776 3663 832 3726 hic
856 3663 1019 3726 continuo
1042 3663 1145 3725 mori-

196 3766 296 3822 turus
307 3758 421 3842 jaceo,
435 3759 471 3821 in
486 3760 639 3842 periculo
654 3762 779 3824 animae
795 3779 881 3823 meae
897 3761 995 3824 vobis
1013 3759 1145 3824 affirmo

195 3876 251 3920 me
259 3876 367 3920 unum
377 3877 452 3920 esse
465 3878 510 3920 ex
526 3858 596 3922 illis
611 3860 670 3940 qui
684 3860 750 3923 hoc
761 3878 839 3922 cnm
852 3857 1037 3922 Lodowico
1046 3859 1145 3942 jura·

197 3962 332 4019 verunt.
385 3955 488 4020 Unde
503 3976 718 4039 summopere
734 3977 825 4021 nunc
848 3957 1002 4032 consulo,
1026 3965 1064 4020 ut
1079 3956 1147 4020 uti-

191 4052 288 4116 litati
303 4060 429 4118 vestrte
451 4056 663 4136 provideatis
679 4057 714 4120 in
737 4065 927 4137 posterum,
944 4062 979 4118 et
995 4074 1048 4131 ea,
1067 4075 1146 4136 quae

192 4150 267 4233 jam
277 4153 376 4217 vobis
386 4154 472 4230 dixi,
487 4155 552 4218 sub
564 4155 679 4236 sigillo
691 4155 815 4221 secreti
831 4155 978 4238 teneatis
989 4154 1010 4236 ;’
1033 4162 1080 4233 et,
1094 4154 1147 4219 his
