2970 5016
437 462 601 511 -rmuns
623 462 896 512 ursronrnnuu.
1087 449 1154 513 199

198 614 234 678 in
262 617 430 681 descensu
456 619 585 682 montis
616 619 739 683 dumus
766 627 842 683 erat
871 619 1085 701 amplissima
1116 629 1152 683 et
1162 631 1286 729 2232·

198 714 386 796 fuliginosa
418 718 525 780 muris
548 717 700 781 veternis
729 718 954 794 circumdata,
982 725 1151 802 erantque
1161 730 1264 774 rursm

196 812 232 875 in
250 832 292 877 ea
306 815 408 895 quasi
421 815 540 878 multae
560 815 685 897 platea}
702 817 891 880 innumeris
908 810 1064 882 ¹sedibus
1081 816 1149 881 ier-

200 913 267 975 reis
290 919 326 976 et
340 913 460 993 ignitis
478 914 745 996 circumquaque
759 915 912 996 repletae.
963 914 1071 979 Sedes
1086 933 1150 979 au-

198 1020 268 1074 tem
283 1011 511 1075 candentibus
525 1013 663 1076 circulis
681 1012 799 1076 ferreis
818 1021 854 1077 et
873 1032 919 1077 ex
938 1013 1032 1077 omni
1050 1021 1151 1094 parta

197 1109 358 1186 clavatis,
380 1111 539 1192 superius
560 1117 597 1174 et
608 1110 763 1188 inim-ius,
776 1131 799 1174 a
813 1111 945 1175 dextris
959 1117 995 1175 et
1011 1131 1033 1175 a
1049 1111 1148 1176 sinis-

198 1207 274 1282 tris,
283 1216 473 1273 exstructae
485 1216 596 1285 erant,
606 1217 712 1291 atque
727 1209 882 1273 lrnmines
892 1211 928 1273 in
940 1211 990 1273 eis
1001 1210 1149 1275 diversa

199 1305 407 1370 conditionis
428 1314 463 1371 et
482 1326 590 1370 sexus
621 1309 824 1372 mirabiliter
851 1309 1070 1385 residebant;
1102 1327 1147 1373 ex

199 1406 292 1468 omni
314 1424 463 1488 namque
488 1413 587 1490 parte
607 1407 834 1471 candentibus
859 1407 967 1470 clavis
994 1406 1148 1488 perfora·

197 1504 336 1580 bantur,
370 1512 476 1586 atque
505 1524 551 1569 ax
579 1505 718 1569 cunulis
743 1505 861 1585 ignitis
887 1504 1040 1585 undique
1064 1523 1147 1567 cou-

196 1602 465 1682 stringebantur.
510 1603 628 1667 Tanta
646 1611 722 1668 erat
745 1603 876 1667 sedium
899 1603 1035 1666 illarum
1058 1602 1147 1667 mul-

197 1700 322 1776 titudo,
354 1709 390 1765 et
419 1701 596 1766 hominum
630 1702 666 1765 in
700 1701 750 1765 eis
785 1701 1019 1778 residentium,
1054 1701 1146 1783 quud

196 1799 318 1879 lingua
343 1800 440 1863 nulla
471 1819 531 1864 eas
564 1800 781 1865 dinumerare
803 1799 986 1864 sufficeret.
1038 1799 1149 1864 Erant

198 1897 287 1961 muri
309 1898 409 1962 ferrei
439 1905 475 1962 et
495 1899 671 1979 nigerrimi
699 1900 734 1963 in
763 1899 909 1963 circuitu
941 1900 1146 1980 platearum,

198 2004 233 2061 et
251 1996 351 2060 sedes
372 1996 451 2060 aliae
467 1997 576 2081 juxta
598 2016 728 2074 muros,
745 1998 782 2061 in
803 1999 928 2080 quibus
951 1997 1147 2062 residebant

196 2095 370 2158 daemones
388 2115 449 2177 per
468 2096 662 2172 circuitum,
683 2097 785 2179 quasi
806 2096 851 2160 ad
872 2095 989 2160 laetum
1009 2103 1146 2176 specta·

196 2193 324 2270 culum,
344 2194 388 2257 de
407 2195 616 2258 cruciatibus
638 2196 840 2259 miserorum
861 2195 906 2259 ad
926 2195 1073 2258 invicem
1090 2212 1147 2259 ca·

195 2291 398 2357 chiunantes
427 2300 463 2356 et
484 2300 629 2373 peccata
649 2295 797 2378 pristina
817 2293 886 2357 illis
908 2300 1145 2358 retractantes.

195 2389 309 2455 Juxta
333 2391 512 2455 introitum
540 2391 644 2475 hujus
670 2393 864 2458 detestandi
886 2391 1088 2473 spectaculi,
1110 2391 1146 2454 in

195 2489 362 2553 descensu
382 2491 521 2567 montis,
544 2491 635 2553 sicut
654 2491 818 2567 diximus,
840 2497 916 2553 erat
935 2509 1054 2553 murus
1071 2489 1147 2569 qui-

193 2589 273 2652 dam
300 2587 483 2652 altitudine
507 2590 660 2671 quinque
685 2589 823 2670 pedum,
847 2607 893 2651 ex
919 2606 988 2668 quo
1013 2585 1146 2666 perspi-

194 2705 258 2751 cue
280 2686 388 2750 videri
418 2694 555 2768 poterat
576 2687 740 2770 quicquid
762 2688 798 2751 in
821 2685 881 2749 illo
906 2683 1036 2766 poenali
1068 2682 1146 2747 luco

195 2791 382 2865 ageretur3
417 2784 462 2849 ad
490 2785 581 2849 hunc
613 2787 721 2866 igitur
749 2803 885 2849 murum
917 2783 1029 2847 sancti
1058 2800 1147 2863 praa·

194 2884 278 2948 dicti
306 2883 349 2946 de
374 2882 458 2947 foris
491 2885 632 2948 stabant
663 2890 841 2948 cernentes
866 2881 1029 2964 quicquid
1051 2880 1146 2946 intus

195 2982 311 3046 miseri
326 2982 558 3064 perferebant,
571 2976 630 3047 ²ac
641 2984 695 3048 vir
709 2982 767 3045 ille
784 2980 929 3045 eductus
943 2982 1034 3046 inter
1046 2999 1147 3045 sann-

196 3088 250 3144 tos
281 3081 486 3146 delitescens
520 3082 612 3145 clare
643 3080 823 3162 prospexit
848 3080 965 3145 omnia
990 3099 1068 3161 quae
1093 3079 1146 3143 in·

193 3181 301 3245 terius
316 3182 520 3261 agebantur.

427 3347 477 3414 De
493 3346 621 3437 aurardo
636 3358 664 3414 ct
679 3349 745 3433 ej'us
760 3350 914 3417 cruciatu.

240 3470 488 3537 Resideutibus
508 3471 554 3537 ad
575 3471 800 3538 ludibriosum
822 3471 1060 3554 spectaculum
1086 3470 1145 3533 ml-

196 3569 316 3635 nistris
340 3570 516 3646 tartareis,
540 3571 702 3653 princeps
723 3571 816 3638 illius
843 3568 1000 3635 netandae
1023 3565 1145 3635 cohor-

196 3669 242 3733 tis
267 3667 476 3735 satellitibus
510 3670 583 3735 suis
609 3670 671 3747 ait,
700 3668 958 3737 ‘Abstrahatur
982 3666 1023 3729 de
1046 3664 1145 3734 sedili

194 3786 259 3831 suu
289 3768 459 3850 superbus
484 3767 655 3836 violenter
686 3776 722 3835 et
748 3768 846 3834 ludat
876 3784 993 3831 coram
1024 3761 1146 3831 nonis!

192 3865 403 3935 Abstractus
428 3875 545 3933 autem
577 3886 599 3935 a
626 3866 840 3931 daemonibus
864 3871 900 3931 et
922 3871 1019 3929 veste
1045 3863 1145 3942 nigra

192 3964 335 4033 indutus
366 3985 503 4032 omnem
533 3974 669 4047 gestum
700 3965 849 4034 bominis
877 3982 984 4045 supra
1006 3959 1145 4027 modum

282 4179 426 4248 Qua]
442 4185 693 4237 ‘sunaur’nms
726 4181 731 4251 Ι
782 4182 860 4246 ua]
875 4178 1047 4230 ‘nnus
