2970 5016
446 439 585 487 neonus
610 440 885 489 ursronmnuu.
1081 427 1146 490 241

190 595 352 658 indebitis
375 595 615 659 exactionibus
632 598 676 660 ad
691 606 882 661 extremam
898 599 1051 681 inopiam
1069 619 1145 681 per·
1158 616 1206 656 ιιι
1228 618 1283 658 ιιιι.

191 694 360 772 duxerat;
390 695 557 772 nonnulli,
580 715 727 777 quorum
750 705 910 778 parentes
936 705 972 761 et
987 699 1145 763 carnales

191 794 320 857 amicos
344 794 578 871 exsulaverat,
605 814 722 858 eorum
749 795 969 860 haereditates
996 798 1032 860 iu
1060 817 1143 861 suos

192 911 274 956 usus
301 900 528 971 convertens;
557 893 647 957 unde
673 893 889 971 factumest,
913 902 952 958 ut
966 895 1056 959 idem
1080 917 1142 960 rex

191 999 244 1055 tot
270 991 341 1054 fere
368 990 490 1055 babuit
522 991 651 1068 hostes,
684 1000 769 1073 quot
798 993 918 1058 habuit
948 1003 1141 1076 magnates.

193 1090 295 1153 Unde
312 1089 376 1153 hoc
394 1090 539 1154 instanti
556 1097 722 1172 tempore,
740 1111 818 1155 cum
839 1113 877 1155 se
897 1095 1143 1174 cognovissent

193 1189 236 1252 ab
261 1188 338 1271 ejus
361 1188 528 1254 fidelitate
550 1190 696 1265 solutos,
719 1191 831 1270 gavisi
853 1199 937 1255 sunt
956 1192 1067 1268 valde,
1091 1194 1142 1256 ita

192 1287 297 1370 quod,
313 1288 344 1350 si
361 1286 462 1351 famae
479 1288 640 1365 creditur,
657 1288 823 1353 miseruut
838 1291 912 1371 regi
930 1290 1143 1354 Francorum

192 1386 346 1449 chartam
375 1387 590 1469 singulorum
612 1387 797 1451 eorundem
821 1408 1000 1469 procerum
1018 1389 1142 1470 sigillis

192 1485 372 1561 munitam,
395 1493 433 1548 ut
456 1505 576 1550 secure
594 1487 727 1550 veniret
748 1487 785 1549 in
809 1484 973 1569 Angliam
997 1508 1141 1569 regnum

192 1583 284 1647 illico
310 1592 510 1666 recepturus
538 1595 675 1649 etcum
699 1585 810 1665 gloria
835 1594 870 1649 et
893 1585 1023 1650 bonore
1043 1605 1141 1649 coro·

195 1682 341 1746 naudus.

245 1856 398 1930 Quomodo
412 1877 467 1919 raa
480 1857 655 1942 deplorem
669 1858 825 1924 Joltoaaes
839 1856 1037 1943 adjudicatas
1053 1868 1095 1923 cst

598 1978 620 2020 a
635 1978 736 2041 repleo.

243 2078 344 2143 Circa
378 2079 441 2143 hos
467 2079 614 2161 denique
639 2078 712 2142 dies
738 2079 947 2161 Stephanus,
975 2078 1143 2161 archiepi·
1157 2095 1293 2185 ἓωιιίιῶιοι

192 2197 319 2260 scopus
346 2178 619 2255 Cantuariensis,
636 2178 833 2243 Willelmus
858 2177 1086 2243 Londinensis
1109 2187 1144 2243 et
1157 2156 1282 2285 ffiutlh

193 2276 402 2341 Eustachius
418 2278 566 2342 Eliensis
583 2277 748 2360 episcopi,
764 2278 912 2342 Romam
931 2256 1217 2360 protectur-»3123-
1235 2256 1249 2295 ¹
1282 2254 1295 2284 ⁰

191 2384 342 2440 nuerunt
359 2376 496 2440 domino
518 2395 620 2458 papae
645 2376 866 2440 multimodas
883 2376 1088 2440 rebelliones
1106 2383 1142 2440 et

192 2475 427 2551 enormitates,
445 2495 533 2558 quas
557 2475 686 2538 fecerat
707 2494 770 2537 rex
791 2474 984 2556 Anglorum
1007 2475 1030 2537 J
1033 2473 1141 2538 ohan·

191 2591 253 2636 nes
286 2593 308 2637 a
338 2582 491 2656 tempore
524 2574 698 2637 interdicti
726 2592 835 2654 usque
867 2574 904 2636 in
936 2580 1141 2654 praesentem

191 2670 294 2748 diem,
317 2692 440 2736 manus
463 2673 608 2736 saevitiae
631 2681 666 2737 et
688 2671 904 2735 crudelitatis
925 2678 1046 2735 contra
1068 2671 1142 2734 Do·

192 2771 322 2833 minum
344 2780 570 2852 sanctamque
591 2771 771 2835 ecclesiam
793 2768 1057 2850 infatigabiliter
1079 2789 1141 2851 ag·

191 2870 391 2949 gravaud03
416 2869 507 2934 unde
530 2870 704 2933 humiliter
725 2869 865 2932 domino
888 2886 988 2951 papae
1008 2868 1140 2951 suppli·

191 2968 330 3044 cabant,
363 2976 403 3032 ut
437 2969 644 3050 Anglicanae
673 2968 841 3044 ecclesiae,
867 2968 942 3051 jam
974 2969 1074 3049 quasi
1106 2968 1141 3030 in

193 3067 359 3129 extremis
390 3067 576 3144 laboranti,
598 3067 800 3149 dignaretur
820 3067 888 3149 piae
911 3066 1142 3130 miserationis

192 3165 321 3228 intuitu
352 3166 545 3230 subvenire.
608 3166 708 3229 Tunc
739 3185 832 3248 papa
865 3166 963 3248 gravi
996 3184 1144 3230 moerore

193 3271 335 3345 propter
352 3263 600 3329 desolationem
621 3266 718 3345 regni
734 3264 873 3345 Angliae
893 3264 1083 3341 confectus,
1101 3263 1143 3327 de

192 3361 337 3425 consilio
360 3363 599 3440 cardinalium,
617 3365 856 3446 episcoporum
879 3371 914 3425 et
929 3363 1075 3427 aliorum
1092 3363 1143 3425 vi-

193 3480 308 3524 rorum
326 3462 557 3542 prudentium,
573 3462 824 3527 sententialiter
837 3461 1008 3536 definivit,
1024 3468 1063 3524 ut
1081 3480 1143 3523 rex

193 3559 389 3639 Anglorum
414 3561 593 3625 Jobannes
621 3581 641 3624 a
665 3560 753 3624 solio
780 3560 877 3641 regni
902 3559 1144 3640 deponeretur,

193 3663 228 3720 et
243 3658 344 3734 alius,
368 3678 461 3741 papa
480 3668 700 3743 procurante,
716 3659 915 3722 succederet
930 3659 989 3739 qui
1008 3656 1145 3737 dignior

193 3755 389 3821 haberetur.
433 3758 490 3822 Ad
511 3759 615 3842 hujus
642 3777 780 3840 quoque
804 3758 985 3821 sententiae
1001 3774 1146 3819 exsecu-

194 3855 324 3919 tionem
345 3858 485 3940 scripsit
509 3859 668 3922 dominus
697 3875 788 3939 papa
815 3856 1053 3939 potentissimo
1073 3855 1147 3935 regi

195 3953 409 4018 Francorum
444 3957 620 4040 Philippo,
651 3963 821 4038 quatenus
850 3954 1147 4018 inremissionem

193 4052 346 4116 omnium
363 4074 504 4119 suorum
522 4055 756 4139 peccaminum
772 4054 862 4117 bunc
879 4053 1031 4117 laborem
1049 4070 1147 4116 assu·

194 4158 317 4229 meret,
335 4160 382 4230 et,
401 4175 482 4236 rege
500 4155 694 4236 Anglorum
717 4173 739 4216 a
761 4153 848 4216 solio
870 4152 968 4234 regni
990 4151 1150 4235 expulso,

250 4267 328 4314 von.
353 4269 409 4317 ιιι.
978 4269 1000 4314 ιι
