2970 5016
378 465 516 512 neonus
541 464 810 514 ursronmnuu.
1001 447 1065 511 189

109 622 207 704 scopi
234 622 437 687 electionem
467 624 640 688 celebrare
660 646 669 703 3
703 625 772 688 illis
803 624 919 688 autem
943 643 961 687 e
984 643 1065 687 con·
1079 631 1133 671 tv·
1147 632 1200 670 ¹²⁰⁶·

112 722 220 785 trario
244 723 543 804 respondentibus,
563 724 655 806 quod
678 725 721 787 de
739 724 819 807 jure
839 724 1010 787 communi
1030 730 1066 786 et

110 820 293 902 privilegio
313 823 468 904 speciali,
485 830 521 886 et
538 823 582 887 de
601 824 850 887 consuetudine
873 823 1067 905 approbata

111 921 329 1002 etantiqua,
361 921 647 985 Cantuariensem
676 921 975 1004 archiepiscopum
1004 921 1066 984 eli·
1112 912 1115 917 ’

112 1038 196 1101 gere
222 1019 386 1083 deberent
412 1022 487 1084 sine
510 1020 630 1099 vobis;
661 1021 722 1085 lite
745 1040 860 1085 coram
886 1021 983 1084 nobis
1005 1039 1067 1102 per

111 1126 355 1200 procuratores
377 1119 519 1184 idoneos
541 1140 647 1202 super
668 1119 733 1184 hoc
755 1121 907 1201 legitime
930 1126 1067 1182 contes-

114 1225 202 1294 tata,
228 1218 413 1300 diligenter
434 1218 641 1295 audivimus,
667 1238 746 1300 quae
776 1227 892 1301 partes
914 1219 950 1281 in
977 1237 1065 1300 prae-

113 1317 226 1380 sentia
258 1325 377 1381 nostra
407 1337 599 1399 proponere
630 1326 851 1383 curaverunt.
905 1317 994 1380 Pars
1018 1318 1066 1380 si-

113 1416 253 1497 quidem
271 1424 386 1480 vestra
401 1424 437 1480 et
453 1417 593 1480 decreta
615 1417 744 1498 paritor
760 1425 795 1480 et
813 1416 972 1498 exempla
993 1424 1067 1480 stu-

113 1515 190 1578 duit
212 1516 377 1596 allegare,
400 1516 568 1597 quosdam
589 1523 696 1579 testes
722 1516 916 1596 producens
943 1522 979 1578 et
1001 1523 1067 1578 tes·

114 1613 310 1678 timoniales
333 1615 452 1678 literas
476 1614 654 1692 exhibens,
672 1614 797 1696 quibus
816 1613 996 1677 ostendere
1014 1615 1066 1677 ni·

115 1713 266 1790 tebatur,
289 1713 382 1796 quod
401 1734 464 1778 vos
482 1720 552 1778 tres
578 1714 862 1795 metropolitanos
885 1713 1067 1795 elegeratis

117 1831 187 1875 una
214 1831 291 1876 cum
320 1813 410 1893 illis;
437 1833 514 1877 cum
541 1833 604 1896 per
625 1814 744 1877 literas
768 1820 802 1876 et
825 1813 1067 1876 attestationes

117 1911 165 1975 sit
192 1912 387 1994 probatum,
411 1932 474 1976 vos
499 1919 534 1975 et
560 1913 629 1976 alio
653 1912 729 1976 loco
755 1920 789 1976 et
815 1912 884 1975 alio
914 1919 1067 1994 tempore

117 2030 185 2074 nen
218 2012 293 2074 sine
324 2011 394 2074 illis
423 2011 608 2075 electiones
637 2010 832 2094 hujusmodi
864 2011 1067 2074 celebrasse.

116 2108 240 2173 Testes
272 2117 389 2174 autem
424 2110 583 2192 producti
613 2129 658 2174 ex
692 2118 792 2193 parte
823 2110 1067 2174 monachorum

116 2208 271 2289 legitime
299 2209 546 2290 probaverunt,
573 2209 666 2292 quod
696 2209 791 2291 prior
818 2217 853 2273 et
876 2206 1087 2274 conventus

117 2305 379 2371 cantuariensis
400 2308 554 2371 ecclesiae
573 2326 594 2371 a
612 2308 725 2387 longis
747 2316 840 2371 retro
856 2308 1068 2391 temporibus

118 2406 304 2469 electiones
332 2406 571 2488 episcoporum
596 2408 631 2469 in
653 2407 805 2489 capitulo
829 2427 893 2470 suo
914 2408 988 2470 sine
1007 2427 1068 2470 vo-

116 2505 170 2568 bis
189 2524 298 2587 usque
318 2504 362 2568 ad
380 2504 455 2568 haec
471 2513 627 2587 tempora
646 2506 863 2569 celebrarunt
879 2512 914 2567 et
930 2505 1067 2569 easdem

117 2603 341 2668 obtinuerunt
359 2604 475 2667 ascde
497 2605 689 2687 apostolica
705 2603 912 2669 confirmari.
954 2601 987 2667 A
1006 2623 1068 2666 no·

117 2704 171 2767 bis
186 2703 291 2767 etiam
309 2711 344 2766 et
361 2703 670 2785 praedecessoribus
697 2704 823 2766 nostris
850 2721 911 2784 per
928 2702 1068 2784 privile-

119 2801 168 2884 gii
196 2800 359 2884 paginam
387 2810 441 2865 est
462 2809 646 2879 statutum,
669 2810 720 2879 ut,
749 2802 935 2865 decedente
958 2799 1069 2864 arehi-

118 2902 281 2983 episcopo
311 2899 567 2978 cantuariensi,
597 2900 712 2965 nullus
739 2901 786 2964 ibi
810 2900 965 2982 qualibet
991 2919 1067 2962 sur·

119 3000 285 3081 reptionis
312 3000 443 3063 astutia
464 3020 526 3063 seu
552 3001 716 3065 violentia
744 3006 979 3083 praeponatur,
1002 3000 1068 3062 nisi

118 3117 220 3181 quem
238 3100 410 3163 communi
433 3099 576 3163 consilio
599 3101 710 3184 maj0r
725 3118 806 3182 pars
824 3099 1068 3163 monachorum

119 3197 254 3262 consilii
286 3198 433 3262 sanioris
461 3199 648 3262 secuudum
675 3199 862 3262 Dominum
889 3207 925 3262 et
952 3217 1068 3263 sacro·

120 3317 195 3360 rum
223 3315 393 3360 canonum
421 3298 619 3362 sanctiones
646 3299 834 3380 providerit
859 3298 1067 3380 eligendum.

123 3395 199 3459 Nos
226 3396 345 3477 igitur,
374 3395 428 3459 his
456 3404 491 3460 et
513 3397 603 3474 aliis,
622 3416 701 3478 quae
723 3416 839 3461 coram
862 3398 961 3460 nobis
984 3396 1068 3459 alle·

119 3501 204 3576 gata
225 3493 376 3570 fuerunt,
398 3495 527 3559 auditis
550 3503 585 3560 et
603 3497 850 3578 perspicaciter
872 3495 1069 3572 intellectis,

119 3593 203 3675 quia
231 3601 368 3657 constat
398 3594 587 3670 evidenter,
613 3594 705 3676 quod
729 3615 792 3658 vos
822 3593 895 3657 sine
920 3592 990 3654 illis
1016 3612 1070 3656 se·

119 3692 267 3755 cundum
293 3693 517 3757 assertionem
545 3701 696 3757 vestram
723 3694 849 3775 eligere
877 3711 946 3754 non
971 3690 1070 3755 debe-

121 3791 178 3866 tis,
201 3790 378 3854 monachis
401 3792 565 3868 exclusis,
588 3799 706 3856 vestra
731 3812 799 3855 non
822 3790 917 3855 valet
936 3790 1070 3867 electio,

120 3897 156 3954 et
173 3889 297 3953 electio
318 3890 562 3955 monachorum
581 3892 656 3954 sine
675 3891 771 3954 vobis
787 3890 972 3965 celebrata,
989 3890 1072 3971 quia

121 4007 144 4051 a
181 3987 262 4051 sede
304 3989 497 4071 apostolica
533 3989 659 4053 meruit
696 3989 902 4064 confirmari,
934 3988 1072 4051 valebat

119 4105 268 4167 cumque
290 4089 484 4152 necessario
510 4088 612 4152 fuerit
635 4088 802 4152 alterutra
825 4086 1072 4164 confirmanda,

118 4186 161 4250 de
178 4189 352 4251 communi
369 4187 515 4252 fratrum
526 4195 734 4252 'nostrorum
755 4187 898 4250 consilio
917 4187 1015 4250 vobis
1038 4193 1074 4249 et
