2970 5016
371 487 511 534 rnonns
536 486 801 536 rrrsronrnaun.
1017 470 1062 534 ³3

105 642 294 722 denturin
326 644 422 707 curia
454 644 690 707 ecclesiastica
711 643 904 727 judicandi.
955 643 1058 722 Item,
1072 652 1195 697 A·1’·¹¹¹³⁰·

104 742 314 822 generaliter
336 761 453 807 omnes
477 742 519 805 de
540 742 618 806 fidei
640 743 782 806 laesione
803 742 857 806 vel
870 743 1058 824 juramenti

105 842 379 920 transgressione
409 843 620 923 quaestiones
651 842 687 905 in
716 842 791 904 soro
823 841 1057 907 ecclesiastico

104 941 358 1003 tractabuntur.
404 939 507 1016 Item,
522 940 732 1022 quaestiones
755 940 798 1003 de
820 940 901 1004 dote
918 941 974 1004 vel
997 941 1058 1004 do-

104 1037 245 1101 natione
273 1045 416 1121 propter
439 1039 591 1120 nuptias,
614 1038 754 1120 quando
777 1039 918 1103 mobilia
940 1040 995 1104 vel
1018 1059 1056 1105 se

104 1136 280 1201 moventia
291 1143 470 1219 petuntur,
481 1138 524 1200 ad
539 1137 929 1202 ecclesiamreferentur.
952 1138 1055 1216 Item,

104 1235 140 1296 in
163 1234 316 1298 ecclesiis
346 1236 634 1301 conventualibus
669 1237 812 1300 abbates
839 1237 895 1301 vel
923 1239 1055 1318 priores

104 1341 166 1397 aut
190 1334 374 1399 abbatissae
404 1355 481 1399 cum
505 1353 648 1399 assensu
671 1335 726 1397 sui
747 1336 900 1417 episcopi
923 1336 1053 1418 eligen-

103 1440 172 1496 tur.
216 1432 318 1509 Item,
337 1419 451 1498 ¹nulla
465 1433 525 1498 fiet
542 1433 734 1515 recognitio
749 1434 785 1496 in
802 1433 878 1497 soro
894 1434 1053 1512 seculari,

103 1531 134 1594 si
149 1531 269 1595 charta
286 1533 341 1595 vel
358 1532 428 1596 alio
450 1533 552 1597 modo
574 1533 865 1617 elecmosynatam
880 1551 955 1597 esse
971 1545 1058 1615 pos·'

104 1631 291 1695 sessionem
310 1632 376 1694 viri
396 1632 621 1696 ecclesiastici
642 1632 790 1714 probare
806 1631 970 1714 poterint,
991 1632 1052 1696 sed

105 1728 150 1791 ad
167 1729 419 1794 ecclesiasticos
433 1730 569 1814 judIces
589 1730 818 1794 remittentur.
861 1729 964 1807 Item,
982 1731 1052 1794 dis·

103 1827 247 1892 tributio
264 1848 388 1906 rernm,
405 1848 484 1911 quae
507 1830 544 1894 iu
566 1836 774 1894 testamento
796 1828 1051 1911 relinquuntur,

103 1928 310 1991 auctoritate
336 1928 491 1992 ecclesiae
520 1929 599 2007 fiet3
631 1948 695 1992 nec
724 1927 857 1991 decima
888 1947 982 2010 pars,
1012 1938 1052 1993 ut

103 2023 197 2102 olim,
220 2026 454 2092 subtrabatur.
514 2027 616 2105 Item,
642 2027 685 2091 de
711 2026 811 2091 bonis
835 2026 1050 2104 clericorum,

105 2124 171 2187 etsi
186 2123 347 2189 dicantur
361 2125 467 2190 luisse
484 2126 645 2203 usurarii,
658 2125 714 2190 vel
724 2145 941 2209 quocumque
958 2145 1051 2190 mor·

104 2223 149 2284 tis
171 2242 297 2303 genere
319 2225 499 2306 praeventi,
519 2224 605 2288 nihil
623 2223 774 2306 pertinet
793 2224 838 2287 ad
861 2224 1050 2288 secularem

103 2328 323 2402 potestatem,
351 2323 413 2387 sed
434 2323 623 2406 episcopali
654 2322 863 2388 auctoritate
887 2323 924 2386 in
946 2342 1051 2405 opera

103 2419 244 2502 pietatis
277 2421 535 2487 distribuentur.
589 2421 691 2500 Item,
717 2421 880 2505 quicquid
909 2421 989 2486 laici
1014 2423 1050 2486 in

103 2518 177 2582 vita
199 2538 264 2583 sua
285 2520 500 2599 donaverint,
518 2521 574 2586 vel
596 2540 814 2604 quocumque
836 2520 938 2584 titulo
963 2539 986 2583 a
1013 2541 1052 2585 se

103 2616 341 2695 alienaverint,
373 2621 438 2684 etsi
469 2621 619 2684 usurarii
642 2621 749 2683 tuisse
778 2618 949 2695 dicuntur,
971 2627 1052 2699 post

104 2724 247 2780 mortem
275 2737 344 2782 non
375 2720 618 2797 revocabitur3
646 2737 725 2801 qnae
750 2736 833 2781 vero
857 2723 938 2798 post
960 2735 1051 2778 mor-

103 2821 172 2878 tem
196 2835 265 2879 non
287 2817 438 2882 alienata
458 2818 688 2894 invenientur,
705 2816 735 2879 si
751 2814 928 2896 cognitum
948 2814 1052 2879 suerit

102 2913 197 2995 ipsos
218 2921 371 2997 tempore
398 2917 518 2980 mortis
542 2916 649 2979 fuisse
671 2913 859 2989 usurarios,
885 2912 1052 2977 confisca-

103 3014 243 3077 bnntur.
297 3012 400 3091 Item,
419 3015 450 3078 si
472 3021 629 3080 mortuus
652 3013 810 3078 babuerit
831 3011 971 3094 aliquod
992 3032 1052 3077 va-

103 3111 210 3187 dium,
229 3111 321 3177 nnde
342 3121 469 3178 sortem
492 3133 591 3178 suam
608 3113 811 3196 perceperit,
833 3112 947 3194 portio
969 3113 1052 3195 Ipsi-

106 3228 148 3272 us
169 3211 279 3274 libera
298 3211 342 3275 ad
361 3231 438 3275 eum
460 3213 519 3295 qui
536 3212 740 3288 invadiavit,
757 3211 813 3275 vel
830 3211 875 3274 ad
897 3210 1051 3277 haeredes

104 3309 225 3389 ipsius,
247 3316 461 3389 revertetur3
491 3310 581 3374 idem
599 3310 660 3375 fiet
682 3309 725 3373 de
746 3309 961 3391 portionibus
986 3330 1050 3374 ux·

105 3407 175 3470 oris
197 3414 233 3472 et
255 3407 403 3473 filiorum
426 3408 501 3492 ejus
527 3417 606 3491 post
629 3415 774 3472 mortem
796 3407 960 3489 ipsorum.
1012 3408 1050 3472 Si

104 3505 183 3588 quis
213 3507 304 3570 enim
334 3508 516 3572 subitanea
546 3516 658 3573 morte
688 3506 744 3570 vel
780 3505 935 3588 quolibet
968 3524 1051 3569 casu

104 3613 368 3687 praeoccupatus
386 3606 500 3683 fuerit,
523 3614 562 3671 ut
584 3605 627 3670 de
649 3607 752 3670 rebus
774 3605 847 3667 suis
872 3603 1052 3685 disponere

104 3722 173 3767 non
190 3705 313 3785 possit,
329 3705 527 3769 distributio
542 3706 710 3770 bonorum
726 3702 802 3787 ejus
818 3701 1053 3766 ecclesiastica

102 3802 310 3867 auctoritate
326 3803 395 3868 fiet.

141 3974 274 4048 ¹Nulla]
292 3979 356 4029 'l'his
373 3980 460 4029 article
477 3979 569 4029 should
593 3977 1054 4040 velquaecumqneecelesiasticreper·

105 4047 136 4096 be
153 4049 216 4098 read
233 4064 263 4098 aa
278 4049 395 4110 follows3
411 4048 511 4098 ‘Nulla
527 4048 570 4098 liet
593 4062 661 4097 sonae
673 4062 718 4096 xx.
729 4046 802 4096 annis
813 4046 854 4095 vel
870 4045 981 4108 amplius
998 4059 1056 4106 pos·

104 4118 242 4179 recognitIo
258 4119 283 4166 in
296 4119 349 4168 soro
366 4118 474 4168 seculari
493 4131 570 4179 super
593 4117 722 4176 sederint;
738 4115 853 4164 similiter
871 4114 943 4163 nulla
958 4115 1001 4164 flet
1016 4128 1055 4164 ru·

104 4187 263 4247 porsemione
285 4202 362 4248 quam
387 4188 434 4236 riri
456 4186 569 4248 religiosi
594 4185 704 4247 cognitio
715 4185 737 4234 ri
748 4179 834 4246 cana‚'
845 4188 895 4233 ete.
