2970 5016
419 463 557 512 anonas
581 464 849 513 nrsronmnuu.
1042 449 1107 513 179

154 628 289 703 etpost
309 622 459 686 triduum
483 625 646 706 migravit
663 625 706 687 ad
724 625 924 688 Dominum.
977 623 1106 688 Postea
1120 637 1174 677 4ωο
1186 639 1242 678 ¹2⁰⁴

155 739 237 785 vero
260 720 376 785 nullus
396 725 615 805 praesumpsit
635 723 833 805 imaginem,
851 732 978 806 praeter
995 723 1181 827 solamppn
1119 688 1245 785 Le‘maara

154 821 464 898 sanctimonialem,
493 831 648 904 tangere,
675 822 729 887 vel
759 841 834 887 eam
861 822 1006 887 deloco
1034 843 1155 887 mo··
1117 797 1155 878 fd·
1164 747 1245 887 vitant:

153 938 246 983 vere.
279 919 379 984 Tunc
394 920 538 985 soemina
552 921 714 1003 religiosa
729 923 873 986 subter
864 923 1010 986 iconiam
1027 941 1106 986 vas-

153 1018 270 1082 culum
287 1020 498 1102 praeparavit
514 1022 703 1098 vitreum,
694 1041 729 1085 ιιι
746 1042 816 1104 quo
831 1022 945 1103 liquor
960 1023 1030 1085 ab
1020 1040 1103 1085 rma·

152 1117 233 1198 gine
253 1116 363 1181 fluens
390 1119 601 1201 reciperetur
624 1128 660 1184 et
679 1121 891 1184 infirmorum
915 1120 1102 1184 necessita·

156 1216 248 1280 tibus
272 1225 481 1282 servaretur.

240 1389 283 1453 Ut
296 1391 399 1455 eodem
415 1391 517 1476 imago
531 1390 689 1456 mamillas
704 1391 810 1454 earnis
818 1391 1015 1475 prodicere.

205 1511 419 1577 Procedente
443 1514 592 1596 denique
613 1522 778 1596 tempore,
803 1533 858 1578 res
881 1514 975 1578 dictu
1001 1515 1105 1577 mira·

153 1611 233 1674 bilis
259 1611 406 1694 contigit
429 1620 465 1676 et
487 1612 654 1677 hactenus
686 1613 854 1689 inaudita,
882 1632 960 1676 nam
987 1614 1103 1695 imago

153 1709 313 1791 praesata,
344 1710 594 1775 admirantibus
623 1710 771 1788 cunctis,
799 1710 905 1794 coepit
933 1712 1103 1795 paulatim

155 1810 327 1874 mamillas
361 1810 475 1873 carnis
508 1810 665 1875 emittere
697 1819 733 1875 et
766 1810 968 1875 mirabiliter
1000 1830 1103 1874 carne

155 1909 302 1988 vestiri3
350 1907 440 1973 unde
479 1908 655 1992 bucusque
686 1929 708 1973 a
742 1910 904 1973 mamillis
943 1909 1102 1973 deorsum

154 2027 258 2071 carne
281 2009 457 2072 videretur
480 2008 613 2084 induta,
637 2028 661 2072 a
681 2028 750 2091 quo
774 2009 886 2091 liquor
911 2009 969 2072 ille
991 2009 1103 2072 inces-

155 2114 274 2171 santer
294 2107 461 2184 distillat;
497 2127 599 2190 quem
625 2107 791 2190 liquorem
818 2107 942 2172 fratres
967 2107 1102 2190 Templi

155 2206 198 2269 ad
219 2206 340 2271 domos
361 2225 444 2271 suas
465 2206 731 2283 deferunteum
752 2207 910 2271 inducias
931 2206 1060 2271 babent
1081 2227 1104 2271 a

155 2306 314 2387 paganis,
342 2314 382 2369 ut
414 2306 605 2387 peregrinis
631 2306 798 2370 orationis
831 2307 947 2388 gratia
977 2307 1103 2370 adven·

157 2405 312 2468 motibus
333 2403 413 2469 inde
439 2404 660 2482 distribuant,
679 2405 740 2487 qui
767 2405 930 2468 bonorem
954 2404 1020 2469 Dei
1044 2424 1104 2486 ge-

155 2502 288 2567 nitricis
318 2505 354 2567 in
385 2503 531 2567 diversis
569 2503 687 2566 mundi
719 2503 875 2585 partibus
907 2511 1104 2566 reverenter

155 2602 329 2667 attollant.
382 2603 471 2667 Sunt
489 2611 605 2666 autem
624 2601 783 2666 monachi
802 2602 838 2664 in
857 2601 1006 2684 quadam
1029 2620 1102 2665 mo-

155 2702 298 2766 nasterii
313 2710 414 2785 parte
429 2701 584 2778 divinum
601 2708 744 2783 agentes
760 2698 928 2778 officium;
950 2699 1011 2763 sed
1028 2699 1104 2780 dig-

156 2800 249 2864 nitas
273 2809 309 2865 et
332 2800 568 2882 magisterium
593 2798 906 2863 sanctimonialium
926 2806 980 2862 est
999 2818 1102 2880 prop·

156 2908 210 2964 ter
233 2900 461 2964 reverentiam
491 2899 665 2982 praedictae
689 2898 854 2974 mulieris,
881 2917 960 2980 quae
991 2896 1103 2960 locum

154 2999 252 3062 illurn
282 3000 377 3082 prius
410 2998 619 3062 inhabitavit
650 3006 685 3062 et
715 2997 752 3060 in
781 2997 945 3061 bonorem
974 3005 1104 3060 sanctae

157 3098 281 3162 Mariae
300 3098 367 3162 Dei
383 3099 560 3179 genitricis
575 3098 763 3161 oratorium
778 3096 972 3161 fabricavit.

188 3270 231 3335 Ut
243 3271 400 3337 &Manae
415 3271 544 3356 quidam
552 3291 613 3355 per
628 3269 792 3354 imaginem
806 3270 905 3332 claua
920 3269 1073 3353 tamarit.

206 3393 365 3475 Contigit
393 3394 430 3456 in
466 3392 535 3456 illis
573 3392 694 3456 diebus
730 3392 920 3456 Soldanum
955 3392 1104 3455 Damas·

156 3511 332 3568 cenorum,
357 3493 417 3575 qui
445 3492 648 3556 monoculus
673 3491 798 3567 fuerat,
827 3492 863 3552 in
895 3489 996 3552 oculo
1025 3507 1104 3551 cum

155 3611 226 3673 quo
249 3592 389 3656 videbat
419 3590 599 3667 infirmari,
628 3597 664 3654 et
693 3591 805 3654 visum
840 3589 977 3671 penitus
1005 3587 1106 3650 amit·

157 3699 234 3754 tens
262 3710 376 3754 caecus
403 3689 545 3753 effectus
575 3697 653 3768 est;
686 3690 745 3772 qui
774 3686 917 3751 audiens
945 3687 988 3749 de
1018 3686 1104 3749 ima·

155 3790 237 3871 gine
257 3794 459 3865 memorata,
484 3807 547 3870 per
570 3807 675 3871 quam
699 3788 797 3850 Deus
820 3793 918 3849 tanta
939 3785 1104 3866 operaban

156 3897 215 3952 tur
238 3888 417 3964 miracula,
441 3888 537 3951 venit
562 3887 605 3951 ad
634 3887 746 3951 locum
773 3894 808 3949 et
834 3885 1023 3948 oratorium
1052 3883 1106 3945 in·

155 3988 275 4064 travit,
298 3994 346 4065 et,
367 3987 449 4051 licet
471 4005 630 4070 paganus
649 3994 752 4063 esset,
777 3984 878 4048 fidem
897 3983 934 4045 in
954 3982 1105 4045 Domino

153 4085 286 4161 babuit,
318 4085 411 4168 quod
437 4105 500 4168 per
526 4084 710 4168 imaginem
737 4102 810 4146 suae
833 4081 1009 4163 genitricis
1039 4080 1105 4143 sibi

153 4185 288 4249 sanitas
316 4184 528 4261 redderetur,
554 4193 590 4249 et
614 4181 795 4267 procidens
825 4181 861 4243 in
890 4188 1017 4244 terram
1046 4178 1105 4242 diu

993 4294 1036 4339 aa
