2970 5016
356 418 504 505 'umens
527 458 799 506 ursronmnuu.
990 442 1055 507 109

105 634 190 697 gons
223 616 415 696 perinane
452 614 537 678 illud
569 614 780 679 horribiliter
813 617 1054 697 spargebatur.
1069 629 1124 669 au.
1134 629 1191 716 rdine

106 713 275 777 Planities
305 714 373 777 loci
403 714 496 776 illius
526 713 745 778 multitudine
772 714 939 778 vermium
975 679 1221 818 con-ffiffikot

105 822 216 876 strata
238 813 407 888 scatebat,
430 820 469 875 ut
486 812 595 894 junco
621 812 734 876 solent
758 813 936 877 domorum
965 831 1056 876 areae

106 912 252 994 operiri;
276 918 312 974 et
333 910 394 985 hii,
411 928 515 992 super
537 929 671 974 omnem
695 913 959 975 aestimationem
976 911 1056 974 hor-

108 1009 184 1086 ridi,
201 1008 371 1073 deformes
393 1015 428 1072 et
450 1009 647 1087 monstrosi,
664 1010 807 1074 terribili
823 1011 893 1074 oris
916 1010 1004 1074 rictu
1021 1018 1057 1073 et

108 1109 249 1172 naribus
265 1109 379 1189 ignem
396 1108 568 1189 spirantes
583 1109 828 1173 exsecrabilem
845 1117 977 1173 turmas
992 1109 1058 1172 mi-

108 1227 263 1270 serorum
277 1207 468 1271 voracitate
484 1207 715 1270 inextricabili
731 1207 947 1289 lacerabant3
970 1227 1057 1292 quos

105 1306 177 1388 jam
196 1313 392 1386 assumptos
415 1304 586 1368 daemones
601 1306 728 1387 ubique
745 1307 988 1384 discurrentes,
1003 1309 1058 1370 in·

110 1405 316 1467 sanientium
340 1421 433 1468 more
453 1403 488 1467 in
510 1404 654 1467 miseros
677 1405 869 1483 saevientes,
892 1426 983 1469 nunc
998 1425 1058 1468 eos

110 1502 283 1566 frustatim
304 1502 470 1583 ignigeris
489 1503 696 1566 truncabant
717 1502 945 1582 ferramentis,
968 1523 1059 1567 nunc

112 1620 246 1665 omnem
283 1620 420 1665 carnem
456 1600 501 1664 ad
537 1621 618 1665 ossa
650 1600 804 1665 funditus
836 1604 1060 1681 abradebant,

112 1720 204 1763 nunc
224 1699 297 1780 igni
315 1698 474 1782 injectos,
495 1706 535 1762 ut
556 1699 669 1764 solent
690 1701 843 1776 metalla,
860 1702 1060 1783 liquefacie-

113 1799 199 1862 bant
222 1818 282 1862 eos
299 1805 335 1862 et
354 1798 389 1861 in
410 1797 548 1861 modum
568 1799 660 1880 ignis
682 1799 835 1862 ardentis
856 1820 915 1864 eos
940 1801 1060 1865 redde·

113 1898 210 1961 bant.
263 1896 393 1960 Parum
415 1905 480 1974 est,
498 1897 686 1961 Dominum
704 1903 824 1975 testor,
840 1900 945 1963 immo
964 1899 1060 1975 nibil,

115 1996 207 2078 quod
235 1995 346 2060 refero
376 1995 419 2060 de
449 1995 561 2077 poenis
596 1995 662 2059 loci
694 1996 809 2077 illius3
842 1999 940 2062 novit
971 1999 1060 2061 enim

115 2096 213 2159 Deus
235 2094 340 2176 quod,
368 2093 404 2158 in
427 2093 629 2158 brevissimo
652 2097 814 2177 temporis
844 2098 969 2179 spatio·
982 2117 1062 2161 cen·

115 2201 189 2258 tum
207 2193 264 2258 vel
286 2193 433 2274 amplius
456 2193 659 2257 omnimodis
681 2213 861 2275 poenarum
883 2196 1063 2260 diversita-

117 2293 210 2357 tibus
232 2292 429 2356 annullatos
447 2296 482 2354 et
500 2310 582 2354 mox
604 2293 796 2371 restitutos
819 2295 1012 2377 iterumque
1027 2294 1062 2357 in

117 2391 262 2455 nihilum
288 2409 387 2473 paene
412 2389 572 2454 redactos
598 2409 639 2453 ac
662 2390 775 2456 denuo
800 2393 1064 2475 redintegratos

118 2510 178 2553 eos
201 2489 372 2565 intuebar,
394 2507 482 2570 quos
509 2508 550 2553 eo
572 2489 648 2553 loco
666 2490 740 2553 vita
760 2492 895 2573 perdita
921 2492 1066 2555 cruciari

117 2590 277 2670 cogebat,
294 2606 440 2669 quarum
459 2587 733 2651 vicissitudinum
749 2590 864 2655 nullus
882 2598 956 2653 erat
975 2589 1065 2665 finis,

120 2708 189 2752 non
207 2694 299 2750 meta
316 2686 445 2769 aliqua,
462 2706 525 2750 nec
541 2687 707 2750 terminus
724 2686 826 2751 ullus.
861 2687 958 2768 Ignis
976 2687 1066 2750 enim

119 2786 211 2850 illius
238 2793 310 2850 tam
329 2785 419 2849 edax
445 2784 510 2849 fuit
534 2784 740 2862 incendium,
763 2793 802 2848 ut
824 2787 923 2867 quasi
950 2780 1070 2868 tepere

120 2884 289 2961 crederes,
307 2884 341 2947 in
356 2884 613 2965 comparatione
628 2883 733 2961 illius,
749 2885 911 2966 quicquid
928 2886 1067 2948 combu-

122 3003 196 3047 rere
218 2983 307 3046 solet
331 2982 384 3046 vel
407 2981 559 3061 fervere;
583 3002 716 3046 vermes
740 2990 854 3047 autem
882 2984 1011 3066 dirupti
1034 2990 1069 3047 et

122 3083 249 3148 mortui
270 3100 311 3145 ac
328 3080 364 3145 in
386 3081 498 3145 frusta
515 3082 713 3145 comminuti
730 3083 795 3146 sub
815 3083 1008 3147 infelicibus
1033 3083 1069 3146 in

122 3182 317 3263 congeriem
333 3180 626 3262 glomerabantur,
643 3182 702 3263 qui
719 3181 754 3244 in
770 3182 962 3264 putredinis
977 3182 1070 3245 illius

124 3280 248 3344 foetore
262 3280 353 3343 tabis
368 3287 439 3343 tam
453 3279 656 3343 execranda
671 3280 757 3344 adeo
771 3274 1070 3363 universa¹reple-

124 3381 220 3455 bant,
238 3385 278 3442 ut
295 3378 492 3443 foetulentia
508 3378 569 3442 illa
586 3399 719 3442 omnem
738 3380 979 3461 praedictarum
996 3398 1071 3461 poe-

126 3496 248 3540 narum
265 3477 448 3540 excederet
463 3476 663 3541 cmciatum.
712 3477 837 3541 Restat
854 3477 967 3540 adbuc
980 3476 1072 3558 quod

125 3575 191 3640 hiis
209 3575 366 3639 omnibus
388 3575 505 3656 magis
517 3594 672 3652 exosum,
689 3596 795 3656 grave
812 3576 942 3658 pariter
958 3594 999 3638 ac
1014 3586 1074 3662 ve·

124 3674 326 3750 recundum,
341 3673 527 3737 damnatici
543 3674 610 3737 loci
629 3674 722 3737 illius
739 3675 886 3738 tolerare
903 3674 1074 3754 cogeban-

126 3781 203 3851 tur;
230 3792 349 3836 omnes
374 3773 477 3848 enim,
501 3773 560 3854 qui
582 3772 628 3835 ibi
653 3773 895 3853 puniebantur,
924 3771 1075 3847 sceleris,

127 3871 219 3954 quod
237 3891 301 3935 nec
316 3871 486 3935 nominari
503 3870 583 3934 licet
599 3889 620 3933 a
638 3868 847 3948 Christiano,
858 3870 919 3935 scd
934 3889 997 3933 nec
1013 3870 1076 3933 eti·

125 3990 184 4044 am
202 3971 246 4034 ab
260 3970 399 4034 ethnico
413 3969 566 4052 quolibet
581 3967 636 4033 vel
651 3989 802 4052 pagano,
818 3970 853 4032 in
870 3969 986 4032 seculo
1003 3968 1078 4031 fue-

125 4077 209 4135 rant
220 4076 424 4151 patratores.
456 4067 534 4131 Hos
551 4068 667 4149 itaque
683 4075 836 4131 monstra
852 4067 1009 4150 quaedam
1025 4066 1080 4128 in·

378 4218 555 4286 Quane]
572 4222 580 4249 ⁴
593 4213 727 4281 Replebn’
739 4219 765 4267 a
777 4218 835 4269 ms
