2970 5016
345 437 411 500 354
607 448 740 496 noeani
766 448 813 494 un
837 446 1043 494 wannovua

183 628 314 717 appari..
347 610 391 673 ad
421 609 622 672 instantiam
648 606 740 687 regis
764 603 974 686 Anglornm,
996 622 1058 685 per
1086 601 1300 684 subscriptas

184 738 308 768 namu·
347 709 465 772 literas
491 705 805 770 excommunicavit
833 704 1035 767 nominatim
1061 710 1097 765 et
1124 702 1162 764 in
1188 702 1300 783 specie

184 778 304 868 imm
347 809 412 871 snb
434 808 499 870 hac
516 807 649 884 forma3
674 798 700 839 ¹‘
714 805 939 868 Innocentius
964 803 1162 883 episeopus,
1185 802 1300 864 abbati

348 906 391 970 de
408 907 636 981 Abbendune,
659 903 902 968 archidiacono
926 901 1154 977 Pictaviensi,
1176 909 1213 963 et
1231 919 1301 963 ma·

348 1007 458 1087 gistro
493 1005 661 1080 Rnberto,
690 1002 827 1067 officiali
863 1001 1099 1065 Norwieeusis
1133 999 1300 1076 eeclesiae,

349 1106 508 1169 salutem.
556 1102 611 1167 Ad
635 1111 786 1166 vestram
811 1100 970 1165 volumus
1001 1099 1182 1182 pervenire
1214 1102 1301 1163 uoti·

349 1205 446 1280 tiam,
461 1203 554 1286 quod
573 1222 635 1266 nos
654 1222 762 1285 nuper
780 1203 815 1264 in
834 1200 987 1281 generali
1005 1199 1155 1262 concilio
1175 1201 1301 1262 consti·

351 1304 418 1367 tuti
432 1302 808 1367 excommunicavimus
826 1307 861 1363 et
874 1297 1243 1362 anathematisavimus
1258 1319 1301 1362 ex

351 1409 450 1484 parte
467 1402 712 1482 omnipotentis
737 1401 818 1475 Dei,
842 1399 959 1462 Patris
981 1406 1017 1462 et
1036 1397 1118 1460 Filii
1141 1408 1176 1460 et
1194 1398 1300 1480 Spiri-

351 1510 408 1564 tus
425 1501 558 1577 Sancti,
576 1500 785 1563 auetoritate
802 1517 940 1580 quoque
956 1499 1137 1560 beatorum
1156 1496 1253 1560 Petri
1269 1508 1301 1562 et

351 1599 454 1663 Pauli
480 1600 716 1682 apostolorum
739 1599 814 1681 ejus
841 1617 882 1660 ae
910 1605 1041 1673 nostra,
1065 1598 1215 1659 barones
1232 1595 1303 1659 An-

349 1699 429 1780 gliae
447 1718 525 1761 eum
549 1699 764 1782 adjutoribus
787 1705 822 1760 et
840 1697 1033 1760 fautoribus
1055 1697 1143 1771 suia,
1167 1695 1227 1777 qui
1240 1695 1301 1760 Jo-

349 1798 511 1874 hannem,
524 1797 693 1860 illustrem
710 1816 825 1878 regem
843 1795 1050 1876 Anglorum,
1067 1814 1171 1858 emec
1186 1796 1301 1876 signa·

350 1903 424 1960 tum
439 1904 473 1960 et
488 1897 659 1960 vasallum
672 1897 841 1960 Romanae
851 1895 1019 1970 ecelesiae,
1036 1903 1299 1976 persequuntur,

349 1997 530 2060 molientes
546 1996 578 2059 ei
599 2015 742 2076 regnum
765 1994 912 2069 auferre,
935 1993 1026 2076 quod
1044 1993 1087 2056 ad
1106 1993 1300 2057 Romanam

349 2095 530 2158 ecelesiam
545 2094 759 2176 dignoscitur
774 2095 957 2176 pertinere.
1004 2092 1156 2175 Insuper
1167 2112 1301 2157 exeom-

349 2193 564 2255 munieamus
586 2202 622 2255 et
636 2193 968 2256 anathematisamus
988 2210 1108 2254 omnes
1129 2192 1221 2270 illos,
1244 2193 1299 2274 qui

350 2290 393 2354 ad
417 2290 655 2372 occupandum
673 2292 727 2355 vcl
751 2291 983 2355 invadendum
1007 2309 1152 2372 regnum
1179 2293 1301 2374 ipsum,

352 2398 414 2454 aut
440 2390 693 2472 impediendum
721 2398 842 2455 euntes
865 2392 900 2454 in
929 2391 1084 2473 ejusdem
1109 2392 1203 2472 regis
1228 2410 1302 2454 sue

352 2508 502 2565 cursum,
518 2509 658 2572 operam
676 2491 731 2554 vel
745 2510 846 2572 opem
859 2490 1113 2572 impenderunt,
1136 2497 1173 2553 et
1193 2498 1301 2553 terras

352 2588 536 2652 eorundem
569 2590 737 2652 baronum
762 2590 996 2652 ecclesiastico
1021 2589 1226 2671 subjicimus
1253 2590 1302 2651 in·

352 2688 510 2751 terdieto.
563 2686 808 2769 Aggravamns
830 2689 934 2752 etiam
959 2689 995 2750 iu
1017 2687 1157 2750 eosdem
1181 2688 1302 2752 fortius

352 2806 474 2849 manus
491 2794 639 2861 nostras,
658 2788 687 2849 si
705 2806 768 2849 nee
785 2788 835 2849 sie
858 2807 881 2850 a
893 2806 957 2850 sno
971 2786 1170 2850 destiterint
1186 2789 1301 2870 iniquo

352 2886 541 2966 proposito,
568 2905 645 2949 eum
671 2887 705 2948 in
732 2885 796 2948 hae
821 2894 920 2968 parte
943 2886 1079 2969 pejores
1104 2887 1177 2949 sint
1199 2886 1299 2950 Sara·

351 2986 468 3062 cenis;
491 2985 713 3048 decernentes
727 2992 777 3060 nt,
796 2986 825 3047 si
842 2986 920 3067 quis
943 2986 1088 3048 clericus
1107 2985 1302 3068 cujuscum-

352 3101 420 3164 que
450 3082 631 3161 dignitatis
659 3094 720 3147 aut
745 3083 875 3147 ordinis
897 3085 1081 3165 praedictas
1107 3103 1303 3148 exeommu-

352 3181 535 3244 nicationis
563 3190 625 3246 ant
648 3183 821 3247 interdicti
840 3184 1032 3246 sententias
1055 3183 1188 3247 violare
1216 3204 1303 3266 prae-

352 3280 550 3363 sumpserit,
575 3283 806 3346 anathematis
828 3301 865 3345 se
888 3283 1024 3346 noverit
1039 3301 1203 3346 mucrone
1226 3304 1302 3365 per·

352 3399 502 3456 cussum,
530 3387 577 3456 et,
609 3381 644 3442 ni
677 3383 885 3462 quantocius
915 3382 1111 3463 resipuerit,
1138 3383 1183 3446 ab
1209 3384 1301 3446 omni

353 3476 464 3542 officio
475 3487 511 3542 et
522 3479 687 3543 beneficio
701 3479 949 3562 deponendum.
984 3479 1159 3558 Quocirca
1177 3481 1302 3545 discre-

353 3578 439 3641 tioni
461 3586 586 3641 vestrae
605 3598 667 3660 per
687 3580 881 3661 apostolica
899 3573 1048 3661 ²seripta
1071 3581 1302 3662 precipiendo

352 3677 567 3751 mandamus,
592 3685 763 3758 quatenus
790 3698 851 3760 per
869 3686 978 3742 totam
1000 3678 1167 3759 Angliam
1191 3681 1302 3762 publi-

352 3794 430 3838 care
448 3776 584 3841 saeiatis
610 3777 824 3858 praescripta,
848 3779 1036 3859 eademqne
1060 3777 1199 3842 faciatis
1222 3798 1302 3842 auc·

352 3876 493 3938 toritate
516 3860 646 3952 nostra,
670 3876 807 3939 sublato
831 3877 1015 3959 cujuslibet
1037 3877 1246 3941 conditionis
1268 3888 1301 3940 et

351 3974 596 4056 appellationis
622 3974 814 4050 obstaculo,
842 3975 1088 4039 inviolabiliter
1114 3977 1300 4040 observari.

352 4094 401 4101 ‘'⁸—
1239 4098 1299 4104 ...-

387 4142 594 4213 'InnocentiuaJ
625 4149 727 4212 llyrner,
749 4151 766 4198 i.
785 4165 811 4210 p.
873 4146 1013 4212 'Scripla.]
1031 4150 1301 4212 ‘Eademquelaciatis

352 4220 407 4265 ian.
837 4215 1141 4280 auctoritatenostra,’c.
