2970 5016
454 477 592 527 neonus
616 479 884 530 ursronmnuu.
1102 467 1146 532 93

203 715 252 778 De
268 714 407 800 quadam
415 713 664 798 pumicosum
678 713 761 778 ictor
777 734 874 800 royac
889 715 1088 779 Francorum
1100 724 1129 779 et

577 811 763 897 Auctorem.

243 934 349 1000 Auno
372 936 565 999 Dominicae
592 936 786 999 nativitatis
809 951 962 999 ucxcvl.
986 955 1048 999 rex
1067 933 1142 999 An·
1155 944 1210 983 Aul>
1222 946 1278 986 ¹¹⁹⁶

192 1033 328 1115 giorum
353 1033 551 1099 Richardus
577 1034 710 1098 suited
739 1033 856 1098 natale
883 1034 1024 1097 Domini
1049 1034 1141 1115 apud
1154 994 1253 1142 ff&
1262 1094 1304 1133 m

195 1132 453 1196 Pictaveusium
478 1133 680 1211 civitatem
704 1139 741 1196 et
762 1132 884 1196 deinde
910 1141 990 1215 post
1016 1132 1141 1197 festum
1155 1142 1241 1183 Pom

192 1233 304 1295 sancti
334 1231 462 1294 Hilarii
489 1237 725 1296 convenerunt
749 1231 793 1295 ad
821 1230 1031 1313 colloquium
1058 1229 1141 1296 Phi·

192 1329 319 1412 lippus,
333 1349 395 1393 rex
414 1330 638 1407 Francorum,
655 1336 690 1393 et
707 1329 914 1405 Richardus,
932 1349 994 1393 rex
1007 1329 1142 1411 Anglo·

193 1448 281 1504 rum,
309 1428 401 1511 apud
434 1428 591 1505 Loviers,
613 1427 673 1491 ubi
696 1421 803 1491 ¹inter
834 1447 894 1490 ecs
920 1429 1082 1496 convenit
1106 1430 1142 1493 in

192 1525 284 1591 hunc
307 1526 466 1606 modum,
500 1527 580 1591 Rex
605 1526 817 1590 Francorum
837 1526 991 1607 quietum
1016 1526 1142 1591 clama-

192 1624 243 1690 vit
267 1627 341 1707 regi
367 1625 544 1690 Richardo
569 1633 604 1689 et
629 1624 824 1689 haeredibus
847 1625 919 1687 suis
940 1623 1141 1688 Yssoudum

192 1743 270 1787 cum
295 1724 511 1806 pertinentiis
531 1725 615 1800 suis,
641 1731 677 1787 et
693 1724 753 1806 jus
775 1731 886 1787 totum
907 1721 999 1805 quod
1022 1722 1142 1789 habuit

193 1823 230 1884 in
260 1823 360 1886 Berri
390 1830 427 1887 et
449 1821 617 1887 Alvernia
649 1829 685 1886 et
712 1821 899 1896 Gasconia,
928 1830 963 1886 et
994 1821 1142 1887 reddidit

193 1919 225 1983 ei
249 1922 365 2003 quiete
389 1921 568 1985 castellum
592 1920 635 1985 de
660 1919 787 1985 Archia
812 1930 847 1985 et
873 1920 1074 1984 comitatum
1099 1920 1142 1985 de
1229 1913 1235 1970 .'

192 2017 293 2084 Anco
315 2040 394 2084 cum
416 2021 584 2085 comitatu
604 2019 647 2083 de
666 2018 888 2096 Aubcmarle,
909 2019 1046 2101 aliaque
1069 2038 1142 2083 cas·

193 2118 277 2181 tella
293 2118 416 2194 multu,
434 2137 511 2202 quae
531 2125 762 2201 occupaverat
777 2125 858 2200 post
876 2117 1023 2181 reditum
1040 2138 1142 2182 suum

193 2215 236 2279 de
261 2218 538 2298 peregrinatione
564 2225 665 2281 terroe
688 2224 840 2296 sanctae3
864 2224 901 2281 et
922 2235 985 2281 rex
1007 2215 1141 2298 Anglo-

192 2334 269 2377 rum
284 2316 438 2397 quietum
460 2315 625 2380 clamavit
641 2316 715 2396 regi
734 2314 945 2379 Francorum
962 2315 1142 2381 castellum

192 2415 236 2477 de
254 2413 410 2479 Gisortio
432 2421 467 2478 et
486 2422 598 2479 totum
617 2413 653 2477 N
655 2415 891 2478 ormannicum
908 2413 1141 2496 Vegesinum3

194 2520 230 2576 et
251 2512 325 2577 haec
348 2514 476 2589 omnia,
494 2521 535 2578 ut
552 2520 632 2577 rata
650 2513 858 2577 haberentur
874 2520 910 2576 et
924 2512 1036 2590 firma,
1058 2513 1142 2576 fide·

188 2611 344 2694 jussores
366 2612 410 2676 ad
430 2613 576 2677 invicem
601 2613 818 2687 invenerunt,
835 2620 871 2675 et
886 2630 1025 2693 poenam
1043 2612 1143 2693 quin·

193 2711 302 2774 decim
328 2710 473 2774 millium
498 2730 694 2775 marcarum
725 2710 861 2792 argenti
888 2711 979 2773 iuter
1006 2728 1044 2771 se
1070 2718 1143 2773 sta·

194 2817 346 2874 tuerunt.
401 2809 614 2874 Procedente
639 2817 756 2873 autem
782 2816 948 2889 tempure,
971 2826 1049 2870 cum
1081 2827 1144 2872 rex

196 2907 393 2972 Richardus
421 2909 588 2992 praedicta
613 2908 729 2972 omnia
756 2906 960 2991 possideret,
982 2907 1145 2989 poenituit

194 3026 309 3087 regem
341 3006 555 3072 Francorum
583 3007 653 3072 tale
684 3007 805 3071 fecisse
834 3006 1086 3082 commercium,
1108 3013 1144 3071 et

193 3125 357 3187 magnum
380 3125 569 3188 congerens
599 3105 790 3170 exercitum
812 3103 1061 3169 Albemarliam
1083 3105 1145 3168 ob·

194 3205 326 3269 sidione
342 3204 511 3284 vallavit3
534 3225 604 3287 quo
626 3205 731 3280 sacto,
754 3223 817 3268 rex
839 3201 1034 3289 Angiorum
1056 3223 1143 3286 prae·

194 3304 286 3386 cepit
307 3304 421 3368 saisiri
442 3305 479 3367 in
502 3323 606 3368 manu
628 3322 693 3367 sua
715 3303 751 3367 iu
776 3303 870 3367 omui
891 3302 968 3367 ioco
992 3302 1144 3367 domina·

193 3403 297 3467 tionis
324 3422 397 3466 suae
419 3422 538 3467 omues
568 3422 623 3465 res
648 3409 685 3466 et
714 3402 949 3484 possessiones
979 3401 1144 3465 abbatum

193 3500 335 3584 majoris
356 3501 557 3565 monasterii
578 3508 613 3565 et
635 3500 678 3564 de
702 3499 870 3564 Cluniaco
895 3507 930 3563 et
955 3498 998 3562 de
1020 3506 1142 3564 sancto

194 3599 364 3682 Dionysio
383 3608 419 3664 et
440 3602 484 3665 de
504 3599 696 3677 Charitate,
718 3599 777 3682 qui
800 3597 1020 3681 fidejussores
1042 3606 1143 3661 erant

191 3700 283 3780 regis
308 3699 525 3763 Francorum
548 3718 651 3781 super
672 3698 833 3781 pactione
854 3696 1013 3780 praesuta,
1036 3696 1140 3777 quod,

191 3799 222 3861 si
253 3817 316 3860 rex
340 3796 554 3862 Francorum
585 3797 848 3862 conventionem
879 3815 949 3858 non
976 3801 1144 3871 servaret,

193 3896 260 3978 ipsi
275 3895 397 3960 darent
411 3899 484 3979 regi
499 3896 692 3978 Anglorum
704 3895 883 3977 pecuniam
899 3892 1141 3975 supradictam.

231 4073 500 4135 'Intercorconoeoit.]
521 4072 655 4133 Heroden,
665 4060 668 4091 ¹
680 4076 750 4119 truce
759 4085 788 4118 us
800 4070 873 4131 given
884 4067 969 4128 bytho
981 4066 1077 4116 Freuch
1089 4064 1144 4115 his·

192 4146 290 4204 om.
322 4142 448 4204 Compme
460 4141 654 4204 Newburgh,v.
680 4141 784 4202 teriam,
796 4140 821 4187 in
832 4138 941 4199 Tyrrell,
952 4137 980 4186 ii.
991 4151 1019 4198 p.
1031 4138 1088 4187 547.

192 4213 309 4287 §lt‚18.
344 4211 442 4260 Seethe
454 4211 598 4260 accountoi
605 4210 655 4259 this
