2970 5016
456 472 595 520 ruonns
619 472 889 521 ursronmauu.
1082 461 1148 525 333

192 641 248 695 tus
273 630 528 706 exterminatis,
553 631 617 711 ipsi
637 631 717 713 jure
734 639 903 713 perpetuo
920 639 1048 695 terram
1068 651 1146 713 pos·
1158 647 1213 686 Au.
1226 649 1281 686 12¹⁵.

191 732 363 807 siderent;
390 730 531 794 dederat
553 748 701 811 namque
720 729 798 792 duci
819 749 937 792 eorum
958 750 1033 806 rex,
1053 731 1145 795 dicto

195 829 340 911 Hugoni
370 829 413 891 de
445 829 574 905 Boves,
606 827 803 910 provincias
836 828 879 891 de
912 828 1075 892 Nortfolk
1111 839 1146 893 et

192 928 362 1003 Suthsolc,
380 935 419 990 ut
435 927 529 990 sama
552 927 681 1003 retulit,
699 947 760 1008 per
777 926 932 990 chartam
954 947 1064 1003 suam,
1085 927 1144 991 sed

193 1030 308 1109 gratia
333 1027 451 1089 divina
481 1044 598 1088 eorum
630 1025 809 1088 consilium
838 1027 873 1087 in
905 1025 1027 1088 melius
1053 1046 1145 1089 corn-

193 1127 352 1190 mutavit.
405 1124 473 1187 Sed
496 1133 664 1187 eteorum
688 1144 780 1187 mors
795 1144 871 1187 cum
896 1125 939 1187 ad
963 1125 1055 1204 regis
1070 1124 1145 1187 An-

194 1225 329 1305 glorum
354 1224 511 1286 notitiam
536 1223 760 1304 pervenisset,
781 1223 832 1285 ira
852 1223 1044 1286 vehementi
1067 1243 1144 1287 suc·

194 1341 318 1386 census
342 1323 397 1385 die
425 1321 486 1385 illo
513 1321 626 1384 cibum
654 1321 787 1383 nullum
818 1323 977 1403 sumpsit,
1003 1321 1063 1384 sed
1087 1341 1145 1385 us-

195 1441 261 1502 que
280 1422 324 1484 ad
343 1439 521 1502 vesperam
539 1420 641 1501 quasi
656 1421 814 1484 invectus
837 1420 927 1483 suria
943 1421 1144 1502 permansit.

300 1594 350 1658 Do
365 1595 505 1679 captiuo
521 1595 618 1658 castri
632 1595 783 1676 Effusis
801 1604 829 1658 ct
844 1596 1038 1679 captivorum

543 1695 797 1757 incarceratione.

246 1817 376 1881 Eodem
397 1825 562 1898 tempore,
585 1837 663 1880 cum
685 1819 831 1881 barones
850 1817 989 1898 Angliae
1010 1815 1144 1880 Willel-
1159 1833 1275 1873 assam

197 1936 289 1980 mum
313 1917 356 1980 de
379 1916 548 1980 Albeneio
571 1925 606 1980 et
624 1916 699 1999 ejus
722 1918 835 1980 socios
857 1916 893 1979 in
916 1925 1031 1980 castro
1058 1883 1306 1979 Ros-“¹¹¹⁰m‘n'

197 2015 284 2079 sensi
304 2006 542 2097 cognoverunt
561 2017 732 2092 obsessos,
753 2017 944 2097 perturbati
971 2025 1052 2079 sunt
1072 2015 1144 2078 val-

196 2117 250 2191 de,
286 2116 379 2197 quia,
409 2122 596 2196 antequam
628 2114 740 2178 dictus
767 2115 963 2178 Willelmus
992 2122 1143 2179 castrum

196 2214 330 2294 ingredi
358 2214 475 2289 vellet,
504 2214 710 2296 juraverant
735 2214 818 2278 dicti
851 2216 1011 2291 baroneS,
1041 2215 1144 2277 tactis

196 2314 426 2375 sacrosanctis
444 2313 646 2394 evangeliis,
667 2314 771 2394 quod,
789 2315 819 2376 si
838 2315 952 2396 ipsum
969 2314 1145 2395 continge-

198 2418 252 2474 ret
266 2410 425 2487 obsideri,
445 2412 512 2492 ipsi
527 2431 651 2483 ‚omncs
672 2412 884 2475 obsidionem
904 2412 1143 2476 dissolverent.

201 2510 249 2573 Ut
271 2530 353 2591 ergo
378 2510 509 2592 aliquid
534 2529 638 2591 agere
661 2510 860 2573 viderentur
886 2518 1026 2591 propter
1046 2511 1145 2592 jura·

198 2615 350 2672 mentum
379 2615 415 2672 et
439 2608 517 2671 fidei
544 2609 774 2692 sponsionem,
802 2609 846 2671 ad
874 2626 971 2671 arma
996 2628 1146 2671 commu-

199 2709 287 2771 niter
305 2708 546 2784 convolarunt,
568 2714 603 2770 et
625 2708 668 2770 ad
686 2708 805 2770 villam
825 2707 868 2769 de
888 2707 1066 2770 Dertesort
1081 2708 1147 2771 iter

199 2807 412 2888 arripientes»,
430 2806 529 2888 quasi
552 2806 763 2870 obsidionem
784 2806 914 2887 regiam
931 2825 1000 2867 uuo
1015 2807 1145 2887 impetu

199 2906 366 2983 soluturi3
391 2905 464 2981 sed,
485 2906 645 2969 obstante
664 2904 834 2969 frontibus
857 2924 975 2967 eorum
998 2904 1145 2967 clemen-

201 3005 332 3067 tissimo
361 3004 504 3067 australi
531 3011 647 3081 vento,
674 3005 734 3086 qui
761 3004 846 3067 nulli
878 3004 1044 3067 molestus
1071 3022 1146 3066 esse

199 3103 389 3178 cousuevit,
415 3104 515 3184 quasi
549 3102 924 3183 gladiis‘obviantibus
955 3103 1146 3184 repercussi

200 3201 452 3282 expeditionem
470 3202 633 3264 deserunt
650 3202 865 3279 inchoatam3
890 3210 936 3278 et,
953 3222 1030 3264 cum
1048 3221 1146 3265 max·

199 3302 266 3363 ime
301 3320 371 3363 non
403 3301 449 3362 sit
481 3301 573 3363 omni
607 3300 705 3364 flatui
744 3301 944 3375 cedendum,
971 3300 1147 3364 Willelmo

201 3407 272 3462 turn
302 3400 443 3462 obsesso
470 3399 615 3482 ejusque
641 3400 745 3462 sociis
772 3406 870 3480 terga
898 3405 1072 3461 vertentes
1102 3398 1145 3460 ad

201 3506 284 3562 uota
310 3498 456 3561 latibula
486 3507 691 3561 remearunt.
745 3497 890 3561 Reversi
916 3515 998 3559 vero
1022 3497 1145 3560 civita-

201 3605 268 3660 tem
297 3596 562 3660 Londoniarum·
578 3597 707 3679 optime
734 3597 905 3670 muniunt,
929 3595 972 3657 ad
1004 3595 1146 3657 damno-

199 3716 272 3759 sam
287 3695 446 3759 ludentes
460 3695 583 3771 aleam,
598 3703 633 3758 et
646 3696 778 3777 optima
793 3713 938 3775 quaeque
950 3694 1031 3756 vina
1039 3693 1147 3776 juxta

199 3794 398 3875 eligentium
419 3804 500 3858 vota
523 3802 695 3875 potantes,
719 3802 754 3857 et
771 3801 897 3857 caetera
919 3793 997 3873 quis
1016 3793 1148 3855 nesciat

198 3901 411 3969 exercentes,
442 3892 622 3957 Roffenses
654 3894 814 3957 obsessos
841 3893 1052 3972 reliquerunt
1077 3890 1146 3953 dis-

199 3993 332 4055 crimini
357 3993 477 4055 mortis
501 3991 680 4072 expositos
706 3999 742 4054 et
761 3993 797 4054 in
819 3992 911 4054 omui
934 3990 1147 4052 miseriarum

199 4111 323 4172 genere
346 4091 565 4153 constitutos.
621 4089 767 4169 Nempe,
784 4110 862 4152 cum
883 4089 1004 4151 suisset
1023 4109 1044 4151 a
1068 4107 1147 4168 rege

198 4198 424 4271 compertum,
453 4208 557 4270 quam
586 4206 751 4271 pompose
777 4188 924 4252 barones
953 4187 995 4250 ad
1024 4184 1147 4250 dissol-
