2970 5016
433 435 499 502 240
611 478 614 484 ,
690 450 824 499 nocam
853 451 900 497 nn
926 449 1129 499 wunnovnu

242 646 245 651 -
271 627 393 667 annu.
434 611 541 674 etsie
566 610 759 692 indignatio
786 609 863 692 ejus
887 607 1141 691 aliquantulum
1166 607 1388 689 conquievit;

436 718 660 773 veruntamen
680 709 890 774 Eustachius
910 707 1016 772 Vesci
1036 717 1072 771 et
1087 707 1263 771 Robertus
1282 706 1389 768 filius·

435 808 595 885 walteri,
612 810 655 872 de
672 810 866 892 proditione
886 814 1075 870 memorata
1089 805 1244 870 accusati
1261 812 1297 869 et
1313 804 1387 886 regi

434 908 536 971 nimis
558 908 723 991 suspecti,
742 915 958 971 recesserunt
973 907 1018 969 ab
1034 903 1178 987 singlis,
1203 904 1386 968 Eustachi-

435 1026 476 1069 us
498 1007 659 1070 videlicet
680 1008 716 1071 iu
740 1007 905 1082 Scotiam,
922 1014 958 1070 et
980 1005 1158 1072 Robertus
1182 1004 1226 1067 ad
1250 1002 1386 1068 Gallias

432 1105 655 1175 divertentes.

590 1280 641 1345 De
655 1280 752 1346 Petro
764 1279 911 1344 heremita
928 1286 957 1343 ot
971 1277 1036 1363 ojus
1043 1277 1221 1363 prophetia.

271 1413 410 1504 gpprhggot
493 1401 566 1467 Sub
582 1404 649 1468 hiis
665 1423 802 1486 quoque
817 1403 938 1466 diebus
953 1402 1078 1466 eratin
1096 1401 1277 1484 provincia
1292 1401 1382 1464 Ebo-

269 1513 354 1553 namn.
433 1505 567 1567 racensi
584 1504 751 1568 heremita
764 1502 917 1585 quidam,
930 1495 938 1533 ¹
949 1501 1076 1564 Petrus
1093 1501 1243 1577 nomine,
1255 1501 1328 1583 qui,
1343 1519 1383 1564 eo

431 1603 522 1683 quod
555 1603 674 1667 multis
704 1603 822 1666 futura
854 1601 963 1664 multa
993 1600 1215 1683 praedixerat,
1245 1600 1383 1681 sapiens

431 1700 632 1780 dicebatur3
660 1701 715 1764 hic
737 1699 827 1764 inter
846 1701 927 1776 alia,
945 1719 1024 1782 quae
1046 1699 1169 1781 spiritu
1193 1698 1383 1781 prophetiae

430 1806 546 1865 tactus
565 1801 700 1864 viderat
715 1799 758 1862 de
773 1819 856 1880 rege
870 1798 1064 1880 Anglornm
1077 1797 1099 1862 J
1103 1799 1252 1874 ohanne,
1267 1798 1382 1880 palam

430 1901 564 1963 cunctis
579 1900 759 1982 etpublice
775 1899 964 1974 asserebat,
975 1896 1068 1980 quod
1083 1916 1152 1960 non
1162 1896 1253 1960 foret
1270 1917 1332 1960 rex
1347 1897 1381 1960 in

430 1997 485 2062 die
500 1999 693 2063 Dominicae
713 1997 924 2063 ascensionis
947 1996 1106 2079 proximo
1123 1997 1301 2078 sequentis
1319 2015 1382 2060 noc

430 2095 604 2180 deinceps,
626 2097 687 2161 sed
706 2097 761 2160 die
787 2097 848 2160 illo
870 2115 1032 2160 coronam
1049 2095 1188 2176 Angliae
1209 2095 1253 2158 ad
1275 2095 1380 2160 alium

430 2195 801 2277 transferri-praedixit.
842 2193 953 2279 Cujus
970 2196 1115 2259 assertio
1132 2214 1210 2258 cum
1227 2193 1271 2258 ad
1290 2195 1381 2276 regis

431 2294 589 2357 notitiam
600 2294 808 2370 devenisset,
821 2302 869 2370 et,
883 2294 959 2377 ipso
971 2295 1129 2378 jubente,
1140 2293 1185 2357 ad
1199 2293 1276 2377 ejus
1291 2314 1380 2376 prae·

429 2391 577 2457 sentiam
600 2393 769 2457 adductus
786 2393 922 2471 fuisset,
943 2393 1105 2475 quaesivit
1120 2394 1165 2456 ab
1187 2412 1229 2456 eo
1252 2413 1327 2471 rex,
1349 2393 1379 2457 si

428 2491 484 2556 die
506 2492 567 2556 illo
589 2499 681 2557 esset
706 2493 906 2570 moriturus,
922 2492 978 2557 vel
1000 2511 1070 2575 quo
1092 2491 1211 2556 ordine
1235 2511 1258 2555 a
1281 2491 1379 2574 regui

428 2591 517 2656 solio
541 2593 758 2674 privaretur;
781 2592 842 2674 qui
864 2591 1055 2674 respondit,
1076 2590 1283 2656 ‘Noveritis
1305 2611 1380 2655 cer·

428 2690 574 2769 tissime,
589 2692 681 2774 quod
697 2691 752 2755 die
769 2690 935 2773 praedicto
951 2709 1015 2755 rex
1030 2710 1099 2754 non
1113 2691 1201 2770 eris;
1228 2699 1276 2768 et,
1291 2691 1321 2754 si
1336 2692 1379 2755 de

427 2790 606 2855 mendacio
621 2791 799 2856 convictus
821 2790 932 2864 fuero,
954 2790 996 2853 de
1020 2809 1073 2853 me
1096 2789 1187 2872 qnod
1210 2790 1380 2872 placuerit

427 2888 588 2953 faciatis.'
619 2889 684 2953 Cui
699 2909 774 2965 rex,
791 2895 801 2924 ‘
817 2888 918 2966 Fiat,q
934 2889 1060 2970 iuquit,
1074 2895 1084 2924 ‘
1096 2889 1284 2953 secuudum
1301 2910 1379 2954 ver·

426 2988 507 3051 bum
528 2989 649 3051 tunm!
704 2988 805 3052 Tunc
832 3009 893 3052 rex
918 2987 1062 3051 tradidit
1083 2988 1181 3052 illum
1201 2988 1379 3055 Willelmo

425 3085 468 3149 de
493 3086 669 3150 Harecurt
694 3087 978 3166 custodiendum
1009 3107 1111 3169 quem
1135 3087 1225 3150 idem
1243 3088 1379 3152 Wiilel·

426 3203 502 3248 mus
516 3187 716 3250 custodibus
727 3193 762 3250 et
772 3187 918 3251 vinculis
933 3187 1138 3251 arctioribus
1152 3187 1378 3251 constrictum

425 3284 516 3365 apud
535 3284 684 3349 Corvum
704 3287 942 3361 incarceravit,
960 3285 1068 3350 donec
1092 3287 1255 3368 probaret
1272 3306 1376 3369 quem

425 3384 558 3448 exitum
573 3405 628 3448 res
643 3385 797 3449 haberet.
849 3384 952 3464 Quod
968 3387 1111 3449 verbum
1134 3385 1170 3449 in
1194 3387 1291 3451 brevi
1314 3407 1377 3469 per

425 3491 575 3548 remotas
600 3485 796 3567 provincias
821 3485 872 3548 ita
896 3484 1155 3549 disseminatum
1185 3492 1249 3559 est,
1281 3486 1375 3567 quod

425 3581 495 3646 fere
518 3603 649 3661 omnes,
674 3585 734 3666 qui
754 3583 818 3647 hoc
842 3583 1038 3659 audieruut,
1060 3583 1161 3648 dictis
1186 3583 1263 3666 ejus
1287 3586 1376 3649 adeo

423 3681 523 3745 fidem
551 3683 794 3759 adhibuerunt,
814 3703 855 3747 ac
880 3683 910 3745 si
936 3683 1081 3747 assertio
1103 3682 1197 3745 illius
1221 3681 1264 3747 de
1290 3685 1376 3750 caelo

422 3783 608 3846 sonuisset.
660 3782 771 3846 Erant
793 3783 935 3864 iusuper
958 3782 1023 3846 bac
1047 3789 1253 3863 tempestate
1275 3784 1375 3848 multi

422 3881 554 3944 nobiles
578 3882 614 3944 in
636 3901 744 3962 regno
761 3880 914 3962 Angliae,
939 3901 1085 3963 quorum
1108 3901 1170 3944 rex
1194 3901 1323 3946 uxores
1339 3892 1374 3948 et

420 3977 510 4043 filias
524 3980 593 4043 iliis
611 3981 906 4045 murmurantibus
930 3988 1172 4063 oppresserat3
1195 3981 1265 4057 alii,
1285 4002 1372 4065 quos

490 4149 600 4203 1Ρανιιε
610 4153 726 4217 nomine]
746 4155 754 4181 ⁴
768 4155 862 4205 Petrus
873 4155 905 4204 de
918 4149 1105 4214 Pouteiract05'
1124 4153 1293 4218 coggeshala
