2970 5016
388 445 434 510 22
646 461 780 510 roerru
805 462 852 509 on
875 459 1083 508 wrunovsu

228 635 247 674 Δ
257 634 284 674 1²·
295 637 351 674 ¹¹⁰⁰-
390 618 570 685 Bethleem
584 627 620 683 et
631 619 822 683 vicecomes
838 616 881 680 de
898 617 1042 680 castello
1055 614 1172 679 Ereud
1187 622 1223 678 et
1235 613 1344 693 Regi-

390 718 514 782 naidus
537 717 580 781 de
604 718 754 799 Sagitta,
779 715 956 781 Amsridus
980 716 1022 778 de
1042 715 1198 791 Torone,
1218 722 1254 778 et
1278 715 1343 777 sub

389 816 530 881 Turone
543 818 825 895 escambiatores;
848 815 893 879 ad
914 822 1121 891 extremum,
1138 834 1244 897 super
1262 834 1342 896 por·

389 924 476 994 turn,
499 916 776 999 archiepiscopus
799 915 950 979 Pisanus
971 934 1048 978 eum
1073 913 1234 993 Pisanis;
1268 922 1344 977 tan·

391 1015 468 1080 dem
488 1014 685 1080 Lomberdi.

450 1189 578 1274 Capella
594 1189 629 1252 io
644 1189 785 1252 bonorem
801 1187 881 1251 beoii
901 1187 1018 1251 Thema
1031 1189 1181 1270 martyris
1196 1186 1284 1269 opud

666 1285 985 1371 Acboroefebrioote
1000 1294 1054 1350 eet.
1370 1281 1375 1290 '

230 1423 367 1523 mmm
443 1413 546 1477 Circa
568 1412 642 1477 dies
664 1414 762 1491 istos,
785 1431 863 1477 eum
885 1412 1033 1494 primurn
1056 1411 1199 1474 obsessa
1221 1408 1343 1471 suisset

228 1524 321 1563 Μαι
391 1511 527 1590 Achon,
553 1505 769 1596 ¹capeilanus
792 1510 947 1593 quidam,
971 1511 1109 1574 nomine
1131 1508 1341 1584 WillelmuS,

391 1613 532 1676 natione
556 1610 741 1693 Anglicus,
767 1610 907 1676 Radulii
932 1610 975 1674 de
1001 1610 1140 1686 Diceto,
1168 1608 1343 1672 Londoni-

392 1713 485 1775 ensis
500 1711 636 1787 decani,
653 1710 845 1787 familiaris,
862 1710 943 1774 dum
962 1709 1120 1773 tenderet
1136 1707 1343 1789 Hierosoly·

392 1828 483 1875 mem
501 1818 621 1874 votum
635 1808 745 1887 vovit,
762 1809 867 1892 quod,
891 1810 921 1873 si
946 1828 1112 1893 prospero
1134 1826 1236 1871 cursu
1262 1826 1342 1889 por-

391 1919 465 1976 tum
479 1909 604 1973 Acbon
616 1910 775 1986 intraret,
787 1909 889 1973 beato
906 1909 1049 1992 martyri
1064 1908 1208 1972 Thomae
1226 1925 1340 1987 sump

392 2011 485 2073 tibus
514 2011 588 2073 suis
620 2008 787 2091 capellum
817 2016 1044 2087 construeret,
1077 2015 1113 2072 et
1140 2014 1342 2089 procuraret

392 2108 517 2172 ibidem
545 2108 588 2172 ad
616 2108 781 2173 bonorem
809 2109 973 2190 martyris
1000 2108 1234 2172 coemeterium
1259 2125 1343 2170 con·

391 2207 531 2285 sectari,
558 2207 650 2290 quod
675 2208 727 2271 ita
746 2208 877 2272 iactum
898 2217 964 2271 est.
1017 2206 1141 2272 Multis
1163 2207 1270 2287 igitur
1296 2206 1341 2269 ad

392 2307 535 2388 capellae
552 2306 743 2372 'servitium
775 2307 926 2389 undique
957 2306 1254 2381 concurrentibus,
1283 2307 1342 2389 ju-

392 2406 482 2471 dicio
506 2405 779 2471 Christianitatis
804 2407 896 2470 idem
911 2406 1107 2470 Willelmus
1131 2406 1256 2489 prioris
1279 2425 1343 2469 no-

392 2525 469 2569 men
495 2507 641 2589 accepit,
658 2507 730 2588 qui,
748 2514 787 2570 ut
815 2525 852 2570 se
872 2505 1016 2570 militem
1034 2505 1164 2570 Christi
1179 2505 1343 2569 devotum

392 2604 602 2684 ostenderet,
625 2625 816 2689 pauperum
841 2604 1016 2689 praecipue
1045 2625 1163 2670 curam
1186 2607 1342 2691 gerebat,

392 2713 427 2770 et
444 2705 651 2788 sepeliendis
674 2706 889 2788 corporibus,
916 2713 986 2769 tarn
1016 2704 1168 2770 fataliter
1193 2705 1343 2768 discum-

380 2806 550 2869 bentibus
584 2825 688 2889 quam
721 2804 838 2888 gladio
865 2805 1067 2882 intersectis,
1095 2824 1235 2888 operam
1265 2803 1343 2868 dili·

391 2913 512 2986 genter
528 2905 726 2988 impendere
743 2905 938 2987 satagebat.

551 3079 601 3141 De
609 3074 808 3163 principibus
824 3079 972 3141 exercitus
987 3077 1173 3142 Sabadioi.

228 3215 330 3257 suurn·
454 3201 498 3264 ln
514 3200 638 3266 Aehon
655 3201 798 3267 civitate
813 3204 879 3266 sub
901 3201 1089 3266 Salaadino
1112 3201 1146 3265 bi
1169 3203 1342 3286 principes

228 3267 301 3306 “m''
390 3300 553 3381 suerunt3
586 3301 751 3379 Carecos,
776 3320 877 3384 quem
905 3301 1083 3367 Corbaran
1108 3303 1144 3365 in
1164 3302 1342 3366 obsidione

391 3399 586 3465 Antiochiae
618 3402 760 3466 militem
789 3401 932 3478 feceret,
965 3403 1025 3483 qui
1052 3403 1155 3465 etiam
1184 3401 1342 3464 Salaadi-

391 3519 473 3562 num
509 3501 664 3576 nutrivit,
701 3509 737 3565 et
770 3521 848 3564 cum
886 3520 928 3564 eo
963 3499 1183 3578 Gemaladin,
1217 3499 1343 3582 (iurgi,

390 3599 535 3678 Suohar,
570 3600 844 3676 Simcordoedar,
884 3599 1179 3681 Belhagessemin,
1215 3600 1342 3664 Focar-

390 3698 562 3776 dineerus,
586 3708 622 3763 et
649 3698 917 3781 Gerantegadin.
970 3700 1014 3763 In
1042 3701 1198 3763 exercitu
1226 3708 1342 3764 autem

390 3799 465 3882 ejus
483 3799 531 3864 bii
552 3799 723 3881 principes
748 3800 907 3878 suerunt3
936 3807 1086 3881 quatuor
1105 3799 1230 3865 fratres
1253 3800 1342 3884 ojus,

389 3898 579 3982 Sephadin,
599 3898 778 3976 Felkedin,
803 3898 1014 3976 Seselsolern,
1031 3898 1248 3978 Melkalade;
1272 3907 1342 3964 tres

389 3997 450 4061 filii
484 3998 673 4077 Salaadini,
706 3998 852 4076 Miraiis,
886 3998 1087 4076 Molcaleth,
1121 3999 1341 4076 Meicalezis3

418 4175 585 4296 :efficium
600 4177 728 4248 quidam]
754 4182 926 4244 ‘Capelianus
944 4184 1045 4232 liudolfi
1063 4184 1095 4233 de
1113 4181 1231 4246 Dicet03’
1258 4185 1344 4236 Dicet.

386 4262 437 4297 co.
501 4283 507 4297 .
