2970 5016
184 635 238 674 Ab.
251 635 307 675 121³.

186 3606 247 3644 norm
257 3604 281 3642 ol

184 3656 198 3693 J
199 3653 259 3693 ohn's
268 3655 304 3692 ho-

185 3714 247 3752 mage
256 3708 278 3742 to
286 3703 323 3743 the

183 3763 245 3803 nore·

344 445 410 510 254
594 461 727 509 nocam
753 461 799 507 nn
823 460 1031 509 wannovns

344 618 551 695 stabilimus,
575 626 615 683 ut
634 619 677 682 de
694 618 844 700 propriis
868 624 904 680 et
928 617 1136 700 specialibus
1159 619 1299 684 redditi-

344 718 409 781 bus
439 718 567 782 nostris
598 717 841 800 praedictorum
874 736 1070 798 regnorum,
1107 737 1172 799 pro
1204 721 1298 783 omui

343 817 486 880 servitio
515 824 552 881 et
575 816 834 892 consuetudine,
859 809 955 897 ¹quae
982 836 1045 897 pro
1070 816 1156 896 ipsis
1182 816 1298 881 facere

345 915 519 991 debemus,
541 916 649 979 salvis
671 934 733 998 per
754 914 871 979 omnia
892 914 1043 978 denariis
1066 915 1160 979 beati
1187 915 1297 990 Petri,

345 1013 492 1078 ecclesia
507 1014 668 1078 Romana
682 1013 775 1078 mille
791 1032 927 1076 marcas
940 1013 1203 1094 osterlingorum
1221 1035 1298 1096 per-

345 1113 452 1194 cipiat
468 1113 660 1190 annuatim,
681 1113 717 1176 in
741 1113 830 1177 festo
844 1113 977 1177 scilicet
990 1114 1104 1177 sancti
1113 1113 1299 1179 Michaelis

345 1212 554 1293 quingentas
568 1230 703 1275 marcas
724 1219 758 1275 et
770 1213 807 1274 in
823 1212 959 1276 Pascha
975 1212 1197 1293 quingentas,
1220 1232 1297 1295 sep-

347 1311 522 1391 tingentas
544 1310 677 1374 scilicet
699 1330 763 1392 pro
783 1330 892 1392 regno
909 1309 1049 1390 Angliae
1071 1317 1107 1373 et
1124 1317 1298 1375 trecentas

345 1428 409 1489 pro
437 1428 545 1490 regno
573 1408 771 1488 Hiberniae3
802 1409 909 1472 salvis
931 1407 1029 1471 nobis
1051 1417 1087 1473 et
1103 1409 1298 1473 haeredibus

346 1507 475 1571 nostris
487 1507 648 1590 justitiis,
664 1508 883 1571 libertatibus
905 1513 940 1570 et
955 1507 1131 1587 regalibus
1154 1509 1296 1572 nustria.

347 1604 437 1684 Quae
458 1606 586 1682 omnia,
609 1605 699 1669 sicut
721 1624 827 1688 supra
849 1605 980 1687 scripta
1000 1616 1096 1682 sunt,
1118 1616 1196 1670 rata
1221 1627 1298 1672 esse

347 1705 503 1769 volantes
527 1713 633 1788 atque
659 1704 770 1780 firma,
792 1704 987 1786 obligamus
1010 1725 1073 1769 nos
1099 1716 1134 1769 et
1157 1725 1297 1771 succes·

347 1822 443 1867 sores
455 1812 591 1868 nostros
606 1813 729 1868 contra
742 1822 811 1866 non
825 1803 962 1882 venire;
986 1811 1033 1880 et,
1046 1804 1077 1866 si
1087 1824 1152 1868 nos
1165 1806 1220 1869 vel
1231 1806 1296 1869 ali·

347 1903 426 1982 quis
437 1922 674 1967 successorum
689 1910 885 1966 nostrorum
900 1911 1022 1966 contra
1035 1902 1109 1967 haec
1124 1912 1298 1968 attentare

347 2003 619 2084 praesumpserit,
630 2001 828 2084 quicunque
841 2001 900 2064 illc
911 2001 1025 2078 fuerit,
1043 2002 1111 2065 nisi
1126 2003 1190 2065 rite
1207 2022 1297 2066 com·

347 2100 499 2163 monitus
521 2101 715 2182 resipuerit,
739 2100 843 2164 cadat
865 2120 887 2164 a
901 2100 981 2184 jure
1002 2102 1112 2183 regni.
1159 2101 1206 2164 Et
1221 2101 1296 2166 haec

347 2198 468 2261 charta
491 2198 715 2279 obligationis
745 2208 780 2263 et
805 2201 1037 2264 concessionis
1059 2207 1187 2264 nostrae
1210 2219 1300 2264 sem·

347 2316 409 2378 per
423 2295 521 2359 firma
535 2306 747 2378 permaneat.
781 2297 887 2362 Teste
902 2300 1033 2380 meipso
1048 2298 1141 2380 apud
1155 2298 1294 2363 domum

347 2394 494 2458 militum
509 2394 645 2478 Templi
664 2397 771 2479 juxta
787 2397 976 2472 Doveram,
992 2415 1108 2460 coram
1128 2396 1296 2473 Henrico,

350 2494 555 2560 Dublinensi
583 2494 854 2578 archiepiscopo,
877 2495 901 2559 J
904 2495 1051 2570 ohanne,
1079 2493 1114 2557 N
1116 2494 1296 2560 orwicensi

348 2593 523 2676 episcopo,
551 2592 710 2657 Galfrido
740 2593 939 2670 filio-Petri,
962 2593 1138 2658 Willelmo
1169 2596 1297 2659 comite

347 2691 561 2768 Saresbiriae,
576 2692 752 2757 Willelmo
781 2694 906 2757 comite
932 2692 1101 2770 Penbroe,
1128 2693 1296 2776 Reginal·

347 2791 392 2854 do
414 2793 539 2856 comite
562 2791 743 2868 Bononiae,
760 2791 937 2856 Willelmo
962 2793 1088 2856 comite
1109 2793 1298 2868 Warenne,

347 2891 479 2956 Sahero
495 2891 620 2955 comite
632 2890 791 2967 Winton,
805 2891 982 2956 Willelmo
994 2893 1117 2955 comite
1130 2891 1297 2968 Arundel,

348 2990 524 3054 Willelmo
539 2991 664 3053 comite
680 2990 723 3053 de
742 2990 923 3068 Ferrariis,
933 2991 1111 3055 Willelmo
1133 2990 1298 3065 Briwere,

351 3089 455 3151 Petro
482 3088 771 3165 filio-Hereberti,
790 3089 937 3153 Warino
963 3087 1208 3166 filio-Geroldi,
1238 3109 1296 3153 xv.

348 3187 403 3250 die
418 3185 517 3263 Maii,
532 3206 623 3251 anno
640 3189 739 3271 regni
757 3189 866 3253 nostri
881 3189 1011 3252 decimo
1026 3187 1175 3268 quarto?

368 3359 417 3422 De
429 3357 568 3445 boneupa'o
582 3361 662 3443 repis
675 3360 829 3423 lobannis
834 3360 927 3442 sacto
935 3380 1030 3444 pape
1043 3360 1224 3425 Innocentio
1240 3370 1267 3425 el

670 3457 797 3522 ecclesia
813 3459 970 3521 Rectene.

399 3581 529 3646 Charta
560 3583 680 3665 itaque
710 3582 802 3662 regis
829 3581 864 3643 in
894 3581 1071 3662 scriptum,
1098 3587 1138 3643 ut
1167 3580 1295 3645 dictum

347 3681 573 3757 est,rcdacta,
589 3681 732 3745 tradidit
749 3699 824 3743 eam
840 3699 902 3742 rex
922 3678 1130 3760 Pandulpho
1149 3679 1296 3743 Manem

348 3800 447 3862 papae
466 3780 670 3844 Innocentio
691 3778 920 3852 deserendam,
940 3786 976 3840 et
996 3777 1173 3853 continuo,
1194 3798 1295 3843 cunc·

346 3881 391 3942 tis
403 3879 609 3955 videntibus,
618 3878 814 3959 homagium
825 3876 906 3940 feeit
915 3877 1165 3959 subscriptnm;
1185 3870 1294 3960 ’‘Ego

380 4078 385 4107 ¹
398 4077 483 4148 Qum]
504 4083 598 4133 ‘Quod
609 4082 807 4140 deberemus,
866 4077 939 4142 2Εενο
949 4071 1096 4146 debanna]
1114 4078 1217 4141 Rymer,
1235 4080 1252 4128 i.
1266 4094 1292 4140 p.

342 4150 413 4199 salvo
439 4167 485 4212 per
506 4155 590 4201 omnia
611 4153 715 4202 denario
739 4151 807 4199 beati
832 4154 888 4200 112.

343 4222 414 4269 Petri
422 4216 438 4282 ;’
455 4222 557 4283 Rymer.
