2970 5016
337 462 403 525 230
594 478 726 525 noennr
752 480 798 525 un
822 477 1030 526 wnnnovnu

178 649 301 689 snum·
340 634 537 710 commovit,
563 634 653 697 dixit
683 634 774 696 enim
804 632 891 696 illud
923 632 1084 713 generale
1116 630 1292 712 flagellum

340 731 479 814 Angliae
496 752 566 796 uon
582 752 626 796 ex
642 733 745 815 culpa
759 732 851 814 regis
865 732 927 796 sed
940 751 986 795 ex
1002 731 1219 795 subditorum
1234 730 1293 793 tla-

340 833 435 913 gitiis
459 833 679 914 provenisse3
707 830 891 896 affirmavit
913 831 1017 895 etiam
1039 831 1154 912 ipsum
1176 848 1293 911 regern

340 932 475 1012 virgam
490 951 566 995 esse
585 930 711 995 suroris
732 931 885 1007 Domini,
907 939 943 994 et
959 930 1004 994 ud
1020 929 1086 994 boc
1102 930 1292 1012 principem

341 1031 578 1107 constitutum,
596 1037 635 1094 ut
653 1038 754 1111 regat
770 1030 918 1113 populos
938 1028 1094 1111 aliosque
1116 1027 1292 1111 subjectos

341 1130 377 1192 in
398 1130 498 1211 virga
520 1129 631 1193 ferrea
651 1137 686 1193 et
708 1138 873 1212 tanquam
892 1147 955 1192 vas
978 1128 1077 1209 figuli
1097 1127 1294 1208 confringat

341 1229 533 1305 universos,
566 1229 610 1291 ud
638 1228 832 1310 alligandos
864 1235 1024 1311 potentes
1057 1227 1094 1289 iu
1122 1225 1294 1308 compedi-

340 1328 406 1391 bus
429 1335 464 1391 et
486 1328 618 1392 nobiles
640 1347 722 1392 suos
742 1328 777 1392 in
801 1328 946 1390 manicis
968 1326 1100 1390 ferreis
1153 1324 1210 1389 Ad
1231 1344 1293 1407 pa·

342 1446 421 1509 pam
439 1447 577 1510 quoque
592 1446 661 1491 non
675 1427 848 1510 pertinere
865 1426 908 1490 de
925 1445 1046 1506 regum
1063 1425 1137 1489 sive
1150 1424 1192 1487 de
1208 1444 1292 1507 quo

342 1526 504 1590 rumlibet
528 1533 707 1608 potentum
732 1526 821 1589 laice
852 1525 1070 1609 possessione
1093 1524 1148 1588 vel
1176 1524 1293 1587 subdi-

342 1632 456 1689 torum
479 1625 657 1707 regimine,
674 1624 917 1690 verisimilibus
938 1623 1144 1706 quibusdam
1164 1624 1291 1704 proba-

341 1725 394 1788 vit
420 1725 655 1806 argumentis3
686 1744 764 1789 cum
786 1725 960 1806 praecipue
981 1723 1127 1805 principi
1153 1729 1292 1803 aposto

342 1823 454 1887 lorum
479 1823 584 1887 Petro
611 1823 696 1886 nihil
720 1842 742 1887 a
766 1823 917 1887 Domino
940 1822 1007 1886 nisi
1034 1821 1190 1885 ecclesiae
1216 1829 1294 1885 tau-

343 1930 415 1986 tum
434 1942 475 1987 ae
493 1943 607 1986 rerum
628 1922 940 1987 ecclesiasticarum
960 1923 1008 1985 sit
1024 1920 1153 1984 collata
1175 1927 1292 2001 potes·

343 2032 408 2085 tas.
462 2021 531 2084 His
558 2022 665 2103 igitur
690 2022 800 2086 ethis
830 2021 999 2084 similibus
1021 2019 1168 2083 fallaciis
1199 2020 1292 2100 regis

341 2119 428 2183 adeo
453 2120 605 2184 favorem
631 2121 832 2203 promeruit,
859 2129 899 2184 ut
920 2120 1069 2203 plurima
1091 2137 1113 2183 a
1134 2118 1217 2182 viris
1239 2138 1290 2181 re-

343 2217 475 2299 ligiosis
504 2219 669 2283 beneficia
701 2239 763 2301 per
789 2219 943 2303 ejusdem
970 2219 1063 2300 regis
1090 2216 1291 2282 violentiam

342 2317 537 2396 obtineret;
570 2318 630 2381 sed
660 2338 738 2382 cum
770 2319 909 2383 tandem
939 2319 1049 2400 ipsius
1080 2317 1291 2399 perversitas

342 2416 386 2479 ad
404 2417 527 2479 summi
543 2417 714 2500 pontificis
738 2437 839 2480 aures
859 2417 1085 2500 pervolasset,
1107 2416 1185 2498 ipso
1199 2434 1293 2498 papa

341 2523 560 2596 procurante,
577 2518 733 2580 bonisne
754 2517 927 2581 beneficiis
943 2516 1101 2580 omnibus
1120 2514 1291 2597 spoliatus

340 2615 385 2678 nd
401 2623 534 2679 tautam
557 2615 693 2679 demum
714 2615 885 2679 miseriam
907 2615 1094 2697 perductus
1116 2621 1182 2689 est,
1198 2622 1238 2678 ut
1256 2615 1291 2676 in

341 2714 459 2778 babitu
482 2715 702 2798 pauperrimo
725 2723 760 2779 et
782 2714 878 2778 cultu
904 2714 1111 2777 necessitate
1133 2713 1289 2795 compul-

339 2832 398 2876 sus
427 2815 474 2878 sit
497 2833 620 2897 panem
647 2834 747 2877 suum
773 2832 850 2877 eum
876 2813 993 2877 dolore
1020 2812 1172 2876 ostiatim
1195 2831 1291 2875 men-

339 2912 476 2991 dicare3
510 2933 610 2994 quem
637 2912 792 2976 videntes
816 2912 916 2976 multi
943 2911 1189 2975 subsannando
1211 2911 1289 2974 dix-

339 3019 452 3088 erunt,
482 3005 507 3044 ¹‘
526 3010 614 3074 Ecce
637 3012 752 3088 homo,
776 3011 926 3094 quinon
950 3011 1067 3094 posuit
1090 3009 1204 3073 Deum
1228 3010 1288 3073 ad·

334 3108 485 3191 jutorem
514 3129 626 3186 suum,
649 3112 730 3175 dum
761 3113 914 3192 speravit
936 3112 971 3174 in
995 3109 1215 3174 multitudine
1238 3110 1289 3172 di·

339 3208 500 3271 vitiarum
527 3228 666 3272 suarum
695 3220 730 3273 et
755 3210 940 3291 praevaluit
962 3211 997 3272 in
1019 3210 1175 3272 vanitate
1202 3227 1288 3288 sue3

338 3300 417 3369 fiat²
439 3327 522 3389 ergo
544 3328 635 3372 nunc
660 3317 781 3373 contra
803 3308 989 3372 Dominum
1006 3328 1152 3389 semper,
1170 3315 1206 3371 et
1221 3308 1289 3371 dis-

337 3414 456 3488 pereat
478 3406 520 3471 de
542 3416 635 3470 terra
658 3408 822 3471 memoria
844 3408 931 3490 ojus,
954 3427 1017 3490 pro
1037 3427 1078 3471 eo
1102 3407 1194 3490 quod
1221 3426 1288 3470 non

337 3514 390 3569 est
410 3506 612 3570 recordatus
635 3515 673 3571 ut
695 3507 823 3570 faceret
844 3506 1136 3584 misericordiam
1164 3500 1288 3587 'prop-

337 3612 432 3668 terea
452 3606 550 3669 Deus
569 3607 725 3670 destruet
746 3625 822 3669 eum
843 3607 878 3669 iu
897 3606 1011 3682 finem,
1031 3614 1066 3668 et
1082 3606 1196 3669 oratio
1212 3606 1287 3689 ejus

337 3704 403 3768 erit
422 3705 458 3767 in
483 3713 676 3786 peccatum,
699 3713 739 3768 ut
761 3705 924 3769 eradatur
950 3705 1119 3768 habitatio
1143 3703 1220 3787 ejus
1245 3704 1287 3767 de

338 3810 430 3866 terra
451 3799 660 3867 viventium!

372 3974 380 4006 ¹
393 3978 477 4041 Ecca]
495 3979 582 4027 Prnlm
597 3979 635 4028 lii.
647 3984 671 4028 8.
805 3980 810 4101 ι
857 3975 1035 4049 ³Propterea.]
1055 3982 1100 4031 Ps.
1112 3983 1151 4032 lii.
1162 3987 1187 4032 6.

371 4044 474 4109 ²Fiat]
494 4048 538 4097 Ps.
551 4049 601 4097 cix.
614 4052 654 4096 ld.
