2970 5016
343 455 409 518 23⁴
596 469 731 516 aocsar
757 469 804 515 ns
827 468 1038 516 wnnnovaa

180 643 304 684 aona.
337 627 558 710 judicarent;
585 626 790 709 praefecerat
815 634 932 690 antem
956 626 1085 689 ibidem
1101 626 1301 690 Johannem

341 727 385 789 de
408 724 518 808 Gray,
535 727 736 808 episcopum
754 725 1027 801 Norwicensem,
1050 725 1302 809 justiciarium,

338 826 402 907 qui
424 826 603 888 denarium
620 833 722 889 terrae
744 825 839 887 illius
856 824 902 888 ad
921 824 1058 906 pondus
1081 825 1302 888 numismatis

343 922 482 1006 Angliae
514 923 643 988 fecerat
675 924 849 999 fabricari,
874 931 1005 986 ettam
1029 923 1169 987 obolum
1193 943 1301 1006 quam

340 1024 571 1105 quadrantem
588 1022 772 1086 rotundum
790 1022 864 1086 fieri
879 1024 1058 1106 praecepit.
1086 1021 1110 1085 J
1112 1023 1201 1086 ussit
1213 1042 1300 1104 quo-

339 1141 412 1204 que
439 1142 514 1200 rex,
543 1129 584 1186 nt
607 1122 700 1185 illius
726 1129 875 1185 monetae
900 1140 985 1184 usus
1010 1129 1084 1184 tam
1107 1122 1145 1184 in
1170 1120 1301 1204 Anglia

343 1240 449 1302 quam
472 1222 508 1284 in
532 1219 702 1284 Hibernia
722 1221 915 1285 communis
940 1221 985 1283 ab
1008 1221 1171 1284 omnibus
1192 1220 1300 1284 babe-

338 1327 451 1397 retur,
475 1328 510 1385 et
533 1321 714 1402 utriusque
735 1320 834 1401 regni
863 1320 1026 1383 denarius
1061 1320 1098 1381 in
1126 1318 1300 1383 thesauris

342 1419 417 1481 suis
440 1420 673 1484 indifferenter
687 1427 885 1501 poneretur.
937 1418 993 1481 De
1014 1417 1080 1482 bae
1105 1428 1223 1483 autem
1246 1439 1298 1483 ro·

345 1519 517 1583 tunditate
560 1518 731 1581 Merlinns
772 1525 871 1581 vates
911 1517 1134 1599 prophetavit
1168 1516 1299 1594 dicens,

342 1613 550 1686 ‘Findetur¹
569 1617 679 1681 forma
693 1617 901 1691 commercii,
913 1616 1091 1679 dimidium
1107 1616 1295 1680 rotundum

343 1714 431 1778 erit’
484 1718 552 1780 His
574 1718 624 1779 ita
646 1718 766 1797 gestis,
783 1735 845 1779 rex
862 1717 899 1778 in
921 1734 1026 1778 manu
1049 1714 1130 1778 forti
1153 1735 1297 1796 progre-

344 1815 441 1878 diens
457 1817 549 1898 cepit
565 1815 732 1897 plurimas
748 1814 898 1878 hostium
915 1833 1056 1877 suorum
1073 1815 1297 1890 munitiones,

340 1913 555 1995 fugientibus
577 1934 598 1976 a
617 1913 704 1978 facie
724 1914 799 1997 ejus
820 1909 998 1978 ²Waltero
1017 1913 1060 1977 de
1082 1912 1198 1989 Lasci,
1221 1915 1296 1978 viro

343 2014 464 2090 nobili,
479 2034 556 2077 cnm
579 2013 656 2076 aliis
679 2013 808 2088 multis,
831 2013 943 2095 quiin
965 2031 1090 2076 manus
1110 2013 1188 2095 ejus
1209 2013 1296 2076 inci-

343 2110 424 2178 dere
440 2114 650 2177 metuebant.
700 2111 856 2175 Tandem
873 2111 1015 2175 veniens
1030 2113 1066 2174 in
1082 2112 1296 2193 provinciam

344 2211 494 2290 regionis
519 2211 625 2286 illius,
651 2229 730 2291 quae
752 2205 867 2274 ³ldide
893 2218 1127 2292 nuncupatur,
1150 2230 1295 2274 uxorem

346 2308 510 2373 Willelmi
543 2310 586 2372 de
613 2310 757 2386 Brause,
784 2317 820 2373 et
845 2309 1059 2374 Willelmnm
1086 2309 1195 2372 filium
1220 2310 1296 2393 ejus

344 2427 422 2471 curn
438 2429 548 2473 uxore
565 2428 640 2485 sua,
656 2409 692 2471 in
716 2409 867 2490 quadam
889 2409 1081 2472 munitione
1103 2408 1241 2472 obsedit
1261 2417 1296 2472 et

343 2508 446 2589 cepit,
460 2508 675 2590 vinculisque
689 2509 897 2571 constrictus
911 2507 1110 2589 asperrimis
1125 2507 1221 2571 misit
1237 2527 1297 2572 eos

343 2606 560 2690 inAngliam
595 2615 629 2671 et
652 2606 689 2668 in
710 2606 854 2670 castello
877 2607 919 2670 de
940 2605 1204 2670 Windleshores
1232 2607 1296 2669 sub

344 2716 441 2771 arcta
463 2706 621 2771 custodia
643 2705 832 2787 deputavit.
886 2706 967 2768 Rex
989 2705 1137 2786 denique
1160 2705 1296 2768 Johan·

344 2825 418 2882 nes,
435 2826 512 2869 cum
536 2807 572 2868 in
596 2813 694 2887 parte
717 2805 870 2868 maxima
888 2804 930 2867 de
952 2811 1028 2868 tota
1047 2803 1220 2867 Hibernia
1234 2824 1297 2885 pro

344 2905 442 2968 libitu
467 2925 531 2968 suo
553 2904 791 2986 disposuisset,
815 2922 922 2967 naves
944 2923 1020 2966 cum
1046 2903 1223 2986 triumpho
1244 2904 1296 2966 in·

343 3023 484 3084 gressus
514 3004 549 3066 in
581 3002 745 3085 Angliam
775 3002 945 3084 applicuit
970 3009 1097 3083 quarto
1125 3001 1294 3066 kalendas

344 3102 577 3184 Septembris3
610 3102 732 3166 deinde
756 3101 955 3165 Londonias
977 3120 1056 3164 cum
1072 3100 1295 3167 festinatione

345 3219 534 3283 properans
562 3201 643 3265 fecit
670 3220 789 3264 omnes
809 3198 949 3282 Angliae
977 3200 1142 3283 proelatos
1168 3201 1205 3264 in
1231 3220 1296 3264 sna

345 3301 531 3382 praesentia
552 3301 747 3364 convenire.
793 3299 974 3364 Venerunt
997 3307 1112 3363 autem
1135 3299 1180 3362 ad
1206 3298 1295 3363 hanc

345 3400 540 3480 generalem
557 3400 774 3463 vocationem
799 3400 955 3476 abbates,
977 3399 1121 3479 priores,
1144 3399 1296 3462 abbatis·

345 3518 406 3575 sae,
437 3498 636 3581 Templarii,
669 3497 912 3580 Hospitalarii,
943 3498 1104 3561 custodes
1134 3497 1294 3562 villarum

346 3598 477 3661 ordinis
498 3598 736 3662 Cluniacensis
758 3604 793 3660 et
809 3597 954 3660 aliarum
978 3598 1156 3677 regionum
1181 3604 1295 3659 trans-

346 3698 567 3773 marinarum,
578 3697 826 3779 cujuscumque
842 3696 1024 3778 dignitatis
1038 3704 1074 3760 et
1084 3694 1229 3772 ordinis,
1239 3696 1297 3778 qui

239 3817 242 3822 ·
346 3816 464 3859 omnes
495 3796 537 3858 ad
566 3805 635 3858 tam
666 3815 808 3877 gravem
836 3795 1004 3878 compulsi
1033 3803 1114 3858 sunt
1139 3794 1294 3876 redemp-

346 3896 472 3959 tionem
487 3915 528 3958 ac
543 3914 655 3956 rerum
671 3888 982 3958 ecclesiasticarum
999 3892 1295 3975 dilapidationem,

381 4095 387 4124 ¹
398 4097 423 4144 F
423 4097 521 4144 indetur
529 4091 553 4162 ,·]
573 4096 597 4142 ln
608 4096 658 4144 vol.
671 4096 688 4142 i.
700 4111 726 4156 p.
739 4099 779 4144 24.
868 4089 979 4162 wida]
998 4095 1097 4155 county
1107 4093 1136 4142 os
1146 4094 1244 4144 Mean.

345 4163 508 4283 Ulzgaitero
522 4167 550 4214 tle
570 4159 675 4231 Lusci]
705 4166 757 4213 earl
780 4164 811 4214 os
