2970 5016
456 459 594 509 aeonas
618 460 889 512 nrsroaranuu.
1086 452 1151 516 197

200 635 277 679 cum
309 617 419 681 multo
448 619 616 684 cachinno
649 620 916 702 praecipitabant
947 623 982 684 in
1013 623 1149 689 foveam
1161 635 1286 733 ffinffgg·

196 714 403 796 profundam
435 726 470 782 et
498 718 778 796 flammivomam,
810 740 888 802 quae
913 740 1012 785 secus
1044 723 1263 805 pedesrurru·

196 813 325 877 diaboli
344 814 504 880 librantis
527 826 611 881 erat.
666 818 721 881 De
743 817 940 901 hujusmodi
966 821 1149 886 libratione

196 913 364 976 bonorum
382 916 600 979 etmalorum
616 917 865 982 insanctorum
882 926 1019 1000 patrum
1042 922 1149 1003 scrip

197 1011 242 1073 tis
258 1012 386 1094 saepius
402 1015 583 1096 reperitur.

195 1180 244 1244 Do
257 1180 395 1265 quadam
409 1181 530 1257 anima,
545 1200 638 1264 qaam
652 1179 793 1244 diabolum
806 1181 842 1244 ia
856 1182 1148 1267 eqaiaamsormam

524 1278 813 1362 transformaverat.

248 1403 315 1466 Die
326 1422 408 1467 vero
421 1403 558 1467 sabbati
573 1401 666 1466 circa
679 1402 797 1467 boram
809 1406 1054 1485 vespertinam,
1066 1406 1146 1470 dum

197 1510 288 1565 esset
313 1509 456 1565 sanctus
479 1502 663 1565 Domnnus
690 1520 767 1564 cum
789 1510 911 1565 sancto
937 1502 1081 1567 Juliano
1111 1507 1145 1568 in

195 1600 339 1664 basilica
364 1600 523 1683 praefata,
546 1619 626 1664 ecce
646 1619 668 1663 a
688 1606 786 1681 parte
801 1600 994 1682 aquilonari
1011 1600 1146 1667 daemon

195 1699 335 1782 quidam
354 1700 460 1776 vonit,
476 1718 602 1780 equum
619 1699 841 1779 nigerrimum
859 1700 1028 1781 praecipiti
1042 1720 1145 1765 cursu

196 1799 414 1880 obequitans,
435 1799 617 1879 ipsumque
640 1797 851 1878 permultos
874 1796 1052 1862 anfractus
1068 1819 1145 1864 cum

197 1896 306 1959 multo
337 1896 618 1960 subsannationis
644 1895 769 1976 plausu
799 1894 998 1960 deducendo
1025 1917 1145 1979 perur-

197 2014 305 2076 gens3
336 1996 392 2058 cui
419 1994 519 2058 multi
547 1995 730 2075 spirituum
758 1993 987 2075 malignorum
1012 1995 1055 2059 de
1083 1997 1144 2061 ad·

195 2093 300 2157 ducta
313 2092 432 2174 praeda
444 2092 487 2156 ad
503 2092 650 2156 invicem
666 2092 910 2157 cachinnantes
925 2113 1002 2158 cum
1018 2114 1145 2177 magno

196 2191 346 2273 tripudio
374 2192 512 2255 obviam
538 2198 789 2273 processerunt.
835 2191 984 2256 Sanctus
1007 2213 1145 2277 quoque

197 2291 369 2354 Domnius
380 2291 528 2354 daemoni
538 2289 680 2352 mandat
691 2291 872 2372 equitanti,
883 2291 976 2355 utad
986 2311 1023 2355 se
1035 2286 1145 2374 quan-

197 2389 309 2453 tocius
326 2390 443 2453 veniat
460 2397 495 2453 et
511 2388 611 2471 cujus
633 2389 680 2451 sit
695 2388 810 2452 anima
829 2409 932 2471 quam
950 2391 1145 2457 adduxerat

196 2488 330 2567 edicat3
356 2507 425 2569 quo
451 2487 583 2551 diutius
608 2486 847 2550 dissimulante
879 2507 951 2569 pree
977 2489 1144 2555 immenso

197 2587 338 2668 gaudio,
362 2586 453 2667 quod
474 2586 517 2649 de
542 2584 668 2649 misera
687 2586 804 2648 anima
823 2585 983 2664 habebat,
1003 2595 1144 2652 sanctus

196 2685 376 2750 confestim
398 2685 572 2766 flagellum
590 2684 758 2766 arripiens
777 2683 968 2747 daemonem
990 2687 1145 2764 graviter

197 2784 403 2860 verberavit,
430 2785 548 2866 sicque
572 2790 730 2846 sanctum
755 2789 895 2845 secutus
921 2791 975 2846 est
998 2783 1041 2845 ad
1070 2804 1145 2847 mu-

194 2903 270 2946 rum
291 2883 539 2964 aquilonarem,
560 2882 619 2945 ubi
644 2880 781 2945 libratio
806 2882 989 2945 exstiterat
1011 2883 1143 2947 anima-

195 3001 283 3045 rum.
336 2980 470 3044 Deinde
489 2988 631 3044 sanctus
655 2980 849 3062 interrogat
867 2980 1070 3057 daemonem,
1085 3001 1144 3046 cu-

191 3081 251 3163 jus
266 3080 329 3144 illa
344 3080 389 3143 sit
406 3081 533 3156 anima,
547 3099 651 3162 quam
669 3080 719 3142 sic
736 3079 924 3161 equitando
939 3082 1142 3162 torquebat;

196 3181 255 3262 qui
277 3179 339 3255 ait,
365 3178 458 3242 hunc
481 3197 586 3241 unum
614 3177 720 3242 fuisso
746 3198 790 3240 cx
819 3180 1018 3259 proceribus
1045 3181 1143 3261 regni

196 3276 348 3358 Augilas,
379 3277 439 3358 qui
469 3285 570 3340 nocte
602 3275 811 3358 praecedenti
845 3278 975 3359 absque
1009 3278 1143 3342 confes-

194 3378 291 3440 sione
317 3384 353 3441 et
374 3376 548 3439 Dominici
572 3376 727 3456 corporis
745 3377 964 3457 perceptione
988 3378 1141 3456 obierat3

195 3483 230 3540 et
254 3476 344 3540 inter
368 3482 494 3538 caetera
521 3473 668 3555 flagitia,
688 3493 766 3556 quae
793 3474 1024 3550 commiserat,
1052 3494 1142 3556 pree-

195 3575 296 3656 cipue
327 3593 410 3654 erga
441 3573 597 3636 homines
627 3591 709 3635 suos
737 3572 884 3635 crudelis
915 3573 1068 3637 existens
1098 3573 1141 3637 ad

193 3680 384 3737 extremam
402 3672 554 3754 inopiam
575 3671 702 3734 multos
723 3671 895 3753 perduxit,
919 3669 1010 3751 quod
1034 3673 1143 3734 maxi-

193 3792 247 3835 me
263 3772 429 3835 instinctu
454 3771 574 3833 uxoris
595 3788 669 3833 suae
690 3770 831 3846 lecerat,
855 3787 933 3850 quae
955 3789 1033 3832 eum
1056 3789 1142 3832 sem-

193 3890 256 3952 por
271 3869 314 3933 ad
330 3869 499 3934 saevitiam
517 3869 685 3932 incitavit.
738 3868 804 3931 ‘ln
821 3869 982 3950 equinam
998 3867 1142 3931 formam

191 3970 288 4032 illam
303 3968 559 4044 transformavi,
582 3969 665 4049 quia
685 3965 925 4030 damnatorum
948 3967 1085 4030 animas
1103 3967 1145 4030 li-

193 4077 249 4131 cet
278 4068 377 4130 nobis
405 4066 440 4130 in
463 4066 591 4129 formas
612 4065 784 4149 quaslibet
809 4065 1077 4144 transformare;
1109 4074 1144 4129 et

194 4166 547 4231 nuncdcsccndisscm
566 4185 644 4230 cum
661 4183 703 4228 ea
719 4165 754 4228 in
771 4163 953 4240 infernum,
966 4184 1145 4246 ponerem·
