2970 5016
393 436 438 499 42
652 448 785 495 noceri
810 447 857 493 nn
880 446 1087 493 wannovnr

232 623 356 663 nuum.
395 605 477 669 Duo
492 604 599 686 igitur
615 623 713 686 reges
735 604 942 667 militaribus
957 602 1105 667 catervis
1126 621 1167 665 ac
1187 604 1350 684 populari

395 704 515 785 stipati
543 705 637 768 circa
660 705 775 767 urbem
801 703 971 784 petrarias
998 709 1034 764 et
1060 700 1236 765 machinas
1260 702 1349 766 alias

394 802 611 879 locaverunt,
641 802 701 883 qui
727 820 805 865 cum
829 800 982 883 lapidum
1017 800 1275 882 ponderositate
1310 809 1347 864 et

396 920 460 965 usu
485 900 626 965 assiduo
653 901 774 964 diebus
799 899 959 966 videlicet
981 906 1017 962 et
1042 900 1202 963 noc-tibus
1230 918 1348 962 muros

394 1000 547 1063 civitatis
573 998 801 1076 attrivissent,
823 999 858 1062 in
883 1006 1061 1079 stuporem
1086 998 1243 1062 conversi
1264 1005 1348 1062 suut

395 1098 562 1175 infideles,
586 1098 716 1162 nullam
739 1097 901 1179 deinceps
922 1096 1088 1161 habentes
1109 1095 1268 1160 fiduciam
1293 1115 1346 1159 re-

395 1197 560 1277 sistendi;
592 1196 684 1260 unde
715 1196 866 1271 tandem,
894 1195 980 1259 inito
1007 1194 1165 1271 consilio,
1190 1194 1233 1257 de
1258 1213 1345 1276 pace

395 1301 546 1359 tractare
580 1304 773 1377 coeperunt,
810 1294 938 1383 ¹talibus
975 1294 1071 1356 initis
1111 1293 1344 1375 pactionibus,

395 1394 487 1475 quod
511 1393 718 1458 Salaadinus
742 1413 805 1476 pro
826 1392 1062 1474 redemptione
1084 1411 1202 1455 eorum
1225 1410 1343 1455 veram

395 1510 544 1569 crucem,
563 1512 667 1575 quam
689 1493 726 1555 iu
745 1491 836 1557 bello
858 1498 1010 1573 ceperat,
1030 1489 1190 1555 redderet
1209 1496 1245 1554 et
1261 1508 1345 1572 cap·

395 1591 486 1657 tivos
509 1591 726 1656 Christianos
749 1591 843 1654 mille
863 1591 1084 1672 quingentos,
1107 1608 1195 1670 quos
1217 1588 1344 1669 eligere

395 1691 536 1768 vellent,
552 1698 587 1755 et
608 1692 750 1771 insuper
768 1695 900 1771 septem
921 1689 1029 1752 millia
1048 1688 1275 1752 bisantiorum
1298 1686 1343 1750 ad

394 1790 590 1871 pactionem
615 1788 796 1870 praefatam
820 1794 998 1869 augerent.
1037 1787 1095 1850 Sic
1115 1787 1239 1851 civitas
1262 1804 1342 1849 eum

395 1889 500 1951 armis
521 1898 558 1952 et
580 1888 738 1951 omnibus
759 1906 837 1970 quae
858 1887 894 1949 in
917 1906 960 1950 ea
983 1891 1094 1963 erant,
1119 1880 1242 1948 ¹salvis
1267 1892 1344 1948 tan-

395 1986 572 2050 tummodo
593 1988 793 2068 corporibus
814 1987 1077 2061 Saracenorum,
1101 1984 1235 2048 duobus
1253 1985 1343 2066 regi-

395 2086 460 2148 bus
489 2093 543 2149 est
574 2085 720 2149 feliciter
750 2085 948 2167 mancipata
976 2091 1100 2166 quarto
1126 2083 1204 2147 idus
1232 2081 1343 2161 Julii;

395 2183 554 2248 veniente
570 2191 687 2248 autem
704 2185 759 2248 die
780 2183 962 2248 solutionis
978 2188 1122 2258 statuto,
1136 2181 1344 2245 Salaadinus

395 2280 480 2345 nibil
498 2282 619 2347 borum
640 2302 719 2364 quae
739 2284 903 2348 debuerat
923 2281 1137 2363 adimplevit.
1191 2279 1235 2343 In
1254 2281 1343 2343 tanti

395 2382 503 2462 igitur
523 2382 689 2447 ultionem
709 2400 873 2445 excessus
889 2381 981 2444 circa
998 2380 1066 2443 duo
1088 2379 1196 2442 millia
1211 2385 1247 2442 et
1262 2399 1343 2443 sex-

394 2487 496 2543 centa
510 2480 758 2544 Saracenorum
778 2480 902 2561 capitis
917 2476 1216 2542 animadversione
1232 2479 1343 2542 mulc-

395 2585 470 2642 tata
495 2588 596 2657 sunt3
632 2580 751 2661 paucis
775 2577 817 2641 de
847 2577 1070 2641 nobilioribus
1097 2577 1253 2652 retentis,
1279 2597 1342 2658 pro

393 2678 620 2760 dispositione
650 2697 783 2759 regum,
809 2676 1024 2740 vinculorum
1051 2675 1202 2756 pondere
1226 2693 1345 2739 coarc-

394 2778 487 2841 tatis.

476 2943 518 3007 Ut
532 2965 586 3008 rec
599 2944 798 3037 Francorum
812 2942 938 3009 incidie
959 2945 1069 3009 ductus
1083 2945 1129 3008 od
1135 2945 1274 3030 propria

787 3044 943 3107 remeauit.

235 3180 374 3268 {gagaggi
444 3158 655 3247 Subjugata²
668 3165 791 3245 ,itaque
811 3166 965 3242 civitate,
983 3187 1044 3231 rex
1065 3167 1277 3233 Francorum
1297 3167 1342 3231 ad

235 3279 372 3318 rumulone·
394 3264 534 3346 propria
555 3263 665 3327 redire
682 3263 865 3345 disposuit,
881 3267 980 3346 quasi
1005 3274 1079 3330 toto
1100 3267 1240 3346 negotio
1262 3285 1344 3329 con-

394 3370 593 3440 summat03
627 3363 834 3427 anxiebatur
862 3365 953 3426 enim
982 3383 1089 3446 supra
1117 3365 1269 3440 modum,
1300 3385 1342 3428 eo

393 3462 484 3542 quod
513 3462 686 3537 universa,
713 3480 792 3543 quae
821 3462 857 3525 in
883 3464 1039 3527 exercitu
1068 3462 1343 3527 Christianorum

394 3562 534 3637 fiebant,
552 3561 626 3642 regi
647 3560 823 3625 Richardo
844 3561 1138 3626 adscribebantur.
1186 3562 1343 3627 Praeten-

393 3660 479 3723 dens
510 3660 617 3741 igitur
645 3679 708 3723 rex
742 3659 820 3722 aeris
849 3660 1000 3742 inopiam
1029 3669 1065 3724 et
1091 3668 1341 3743 paupertatem,

393 3758 482 3823 dixit
506 3779 544 3822 se
568 3758 615 3821 ibi
641 3758 770 3822 diutius
794 3759 970 3823 immorari
998 3779 1065 3823 non
1088 3778 1218 3841 posse3
1250 3760 1343 3841 quod

430 3929 871 3999 'Scirirtuntummcdocorporidurl
914 3930 1113 3997 ’Subjugutu.]
1149 3936 1272 3996 Compare
1301 3936 1343 3986 lbe

395 3998 603 4069 Saracenorum]
632 4002 685 4050 'l'be
707 4003 807 4052 articles
829 4003 858 4051 ol
880 4009 1000 4052 accounts
1030 4005 1063 4064 by
1084 4004 1217 4064 Benedict,
1236 4020 1263 4065 p.
1282 4010 1344 4066 6673

394 4072 527 4122 surrender
537 4088 580 4121 are
593 4073 667 4134 given
679 4073 711 4132 by
722 4072 853 4121 lloveden.
867 4072 999 4203 Ιζίιὲῗὲιΐ,
1016 4088 1041 4133 p.
1058 4077 1123 4132 3l³;
1141 4074 1189 4123 and
1211 4075 1345 4138 llovedeu,
