2970 5016
471 485 610 535 snonns
634 485 904 534 nisroninnuu.
1097 468 1162 533 185

205 644 391 706 conventui
414 663 476 726 per
498 642 652 706 ordinem
675 642 867 705 retulerunt
894 660 935 705 ea
956 643 1118 723 quaesibi
1138 659 1294 707 annno.

207 763 288 823 rege
306 742 445 806 fuerant
462 744 640 824 imperata.
687 740 889 804 Conventus
908 749 1036 818 autem,
1052 751 1091 806 ut
1107 763 1159 807 re·

206 862 297 922 gem,
318 861 420 924 quem
444 841 669 915 offenderant,
691 841 756 903 sibi
781 840 1053 918 reconciliarent,
1075 862 1158 906 con-

207 941 386 1005 venientes
409 942 445 1003 in
469 941 622 1022 capitulo
650 933 874 1016 ¹Johannem‚
898 938 1158 1007 Norwiceusem

207 1041 419 1122 episcopum,
430 1039 648 1103 'unanimiter
664 1039 865 1120 elegerunt3
889 1047 924 1102 et
941 1040 1035 1104 illico
1055 1060 1158 1122 quos·

206 1138 286 1202 dam
307 1139 349 1203 de
369 1147 542 1203 conventu
567 1137 754 1202 monachos
773 1137 816 1201 ad
840 1138 987 1202 electum
1009 1138 1158 1221 dirigen-

209 1245 274 1315 tes,
292 1239 351 1320 qui
368 1247 453 1303 tuuc
471 1258 533 1320 pro
556 1237 700 1318 agendis
723 1238 825 1300 rebus
845 1238 936 1319 regis
955 1239 1047 1320 apud
1066 1240 1158 1305 Ebo-

206 1356 324 1400 racum
351 1346 438 1415 erat,
466 1337 669 1402 mandantes
695 1337 740 1412 ei,
764 1344 803 1399 ut
827 1336 1052 1401 Cantuariam
1079 1359 1157 1405 cum

206 1435 425 1500 testinatione
442 1437 584 1501 veniret.
639 1435 764 1500 Nuntii
780 1455 917 1518 quoque
934 1437 1156 1519 praepositum

204 1535 272 1599 iter
302 1536 529 1619 expedientes
555 1535 755 1618 episcopum
792 1535 866 1618 jam
902 1535 1031 1600 dictum
1064 1538 1157 1618 apud

207 1633 423 1717 Notinghum
455 1637 672 1711 invenerunt,
695 1635 767 1716 qui,
791 1635 882 1716 regis
914 1636 1064 1717 expletis
1098 1658 1157 1701 ne·

204 1735 321 1814 gotiis',
344 1735 389 1798 ad
416 1743 534 1818 partes
560 1734 730 1798 australes
751 1736 972 1816 properabat,
1000 1736 1157 1800 venieoss

204 1852 271 1914 que
294 1835 337 1898 ad
359 1854 475 1916 regem
503 1834 728 1899 Cantuariam
751 1834 854 1897 simul
880 1835 1026 1916 profecti
1048 1845 1155 1916 sunt;

205 1939 310 2014 atque
327 1934 382 1998 die
403 1935 568 2011 crastino,
585 1934 738 1997 maxima
758 1934 977 1998 multitudine
994 1935 1029 1997 in
1046 1936 1155 2000 eccle-

204 2032 257 2095 sia
273 2034 541 2115 metropolitana
562 2041 801 2109 concurrente,
819 2035 913 2115 prior
929 2032 1156 2100 Cantuarien-

202 2132 263 2209 sis,
280 2151 361 2214 rege
381 2141 565 2214 praesente,
586 2133 787 2196 electionem
807 2133 934 2197 factam
957 2134 1000 2198 de
1019 2134 1155 2204 Johan-

202 2251 246 2294 ne
268 2231 311 2295 de
334 2231 434 2309 Grai,
459 2233 621 2315 episcopo
648 2230 878 2310 Norwicensi,
907 2235 1022 2316 palam
1049 2254 1155 2299 cunc·

202 2331 248 2394 tis
278 2333 528 2413 pronuntiavit,
561 2340 596 2396 et
630 2341 845 2397 assumentes
883 2353 961 2397 eum
994 2335 1153 2400 monachi

199 2449 278 2493 cum
303 2430 432 2514 hymno
458 2431 532 2495 ‘Te
557 2432 670 2495 Deum
698 2431 896 2495 laudamus'
924 2440 1151 2514 portaverunt

201 2528 245 2592 ad
273 2530 386 2614 majus
409 2531 531 2608 altare,
559 2531 698 2595 tandem
728 2532 763 2593 in
791 2531 957 2595 cathedra
982 2532 1151 2614 archiepi-

198 2630 331 2711 scopali
345 2631 441 2694 illum
457 2631 678 2695 collocantes.
725 2629 805 2708 Quo
823 2631 928 2707 sacto,
945 2650 1020 2707 rex,
1037 2631 1154 2695 viden.

201 2729 293 2792 tibus
315 2731 461 2808 cunctis,
486 2731 579 2794 misit
602 2730 748 2793 electum
773 2730 870 2792 illum
895 2729 931 2792 in
960 2732 1157 2812 possessio?

200 2848 277 2891 nem
298 2849 411 2892 rerum
436 2830 588 2893 omnium
612 2829 655 2893 ad
682 2827 1015 2911 archiepiscopatum
1045 2831 1150 2911 perti-.

199 2929 366 3006 nentium,
389 2930 490 2993 etsie
512 2929 640 3010 singuli
661 2928 705 2991 ad
727 2930 866 3011 propria
885 2938 966 2993 sunt
980 2923 1148 3010 'reversi3

196 3028 315 3109 sicque
345 3029 382 3090 in
414 3028 479 3093 hac
513 3028 680 3092 electione
711 3027 824 3092 factus
857 3037 910 3092 est
940 3030 1149 3093 novissimus

196 3147 292 3190 error
312 3128 410 3211 pejor
433 3129 560 3210 priore,
582 3129 672 3191 sicut
696 3147 809 3191 rerum
832 3129 947 3193 exitus
970 3129 1149 3193 evidenter

193 3226 356 3291 ostendit.

195 3386 245 3448 Do
263 3383 471 3449 controversia
493 3383 576 3447 inter
596 3385 747 3469 episcopos
765 3385 1000 3449 cantuariensis
1020 3386 1148 3450 melmin

245 3485 457 3569 soffropaneos
473 3492 500 3546 et
516 3484 674 3548 nsooacltos
687 3484 817 3567 ejusdem
834 3484 962 3547 ecclesis
977 3484 1015 3548 de
1030 3486 1148 3549 arelec-

238 3584 365 3669 piscopo
379 3582 526 3669 elipando.

248 3707 349 3772 Anno
374 3709 497 3790 gratiae
523 3724 645 3771 mccvi.
669 3728 731 3772 rex
756 3708 936 3773 Johannes
958 3708 1145 3772 celebravit
1157 3714 1212 3805 gog
1211 3718 1295 3817 ¹32⁶&

192 3808 282 3871 diem
307 3808 500 3872 Dominicae
525 3807 718 3871 nativitatis
740 3808 832 3890 apud
854 3808 1050 3886 Oxoniam3
1074 3827 1143 3890 quo
1156 3817 1275 3906 {m

1120 3919 1122 3922 ’
1155 3915 1292 3966 cauterlrury.

231 3986 237 4015 ¹
250 3985 394 4047 dolassem,
413 3985 592 4033 Norwicenmn
607 3985 657 4048 epi·
682 3985 740 4033 here
750 3983 1088 4044 unfortunatelyimpersect;
1102 3984 1144 4033 the

190 4051 321 4124 scopum]
348 4057 472 4118 Compare
490 4054 658 4117 Coggesnale,
682 4055 767 4104 leaves
789 4054 932 4114 containing
951 4053 992 4102 the
1011 4059 1098 4102 events
1118 4054 1149 4103 oi

192 4143 218 4188 p.
233 4130 289 4175 10³.
683 4124 725 4172 tlre
737 4139 811 4184 years
823 4128 887 4172 1206
903 4127 1004 4172 101212
1021 4124 1144 4173 inclusive

228 4194 380 4258 'Reversi.]
404 4194 458 4243 Tire
476 4194 533 4243 MS.
551 4194 579 4242 ol
594 4195 659 4255 fog-
683 4194 747 4242 trave
765 4194 826 4242 been
847 4194 909 4242 lost:
928 4194 988 4243 lice.
1007 4194 1053 4243 des
1073 4194 1143 4243 Hist.

191 4266 295 4328 geshale
323 4267 348 4314 in
380 4265 421 4314 the
449 4264 514 4314 Brit.
544 4265 614 4313 Mus.
637 4266 659 4313 is
684 4265 754 4313 xviii.
767 4279 792 4325 p.
804 4267 858 4312 lot.
