2970 5016
456 456 595 504 uacans
620 456 893 506 nrsronmnun.
1089 441 1152 506 191

197 622 259 678 tua
275 613 363 677 duas
380 614 541 679 mulieres
559 616 789 698 pauperculas
807 616 1058 699 hospitalitatis
1075 636 1152 699 gra·
1166 631 1192 670 A
1196 630 1222 669 1>
1233 632 1289 670 ¹²⁰⁰·

198 715 248 778 tia
277 714 353 797 jam
384 715 527 797 recepit,
563 722 600 779 et
623 735 688 797 ego
719 716 785 779 hac
810 724 911 781 nocto
938 717 982 780 ad
1013 717 1152 781 domum
1165 680 1285 771 tbiffi‘

198 820 294 879 tuam
316 811 499 890 divertam,
523 823 563 878 nt
584 822 620 878 te
653 814 696 878 ad
721 815 895 878 dominum
919 823 1030 892 tuum,
1053 836 1154 880 sanc·

198 920 272 977 tum
302 913 464 977 videlicet
493 913 676 991 Jacobum,
705 915 903 997 perducam,
932 934 1035 996 quem
1062 936 1153 980 nunc

197 1012 323 1077 devote
345 1011 518 1091 adorasti3
547 1031 614 1094 ego
638 1015 729 1077 enim
753 1033 829 1077 sum
849 1013 1014 1078 Julianus
1035 1014 1152 1097 hospi-

199 1119 303 1188 tator,
334 1111 395 1193 qui
424 1113 550 1175 missus
584 1131 660 1175 sum
690 1119 831 1195 propter
870 1120 916 1188 te,
946 1121 987 1177 nt
1017 1123 1152 1178 secreta

197 1210 370 1292 quaedam,
387 1230 467 1292 quae
491 1210 646 1276 homines
667 1212 703 1274 iu
726 1231 830 1276 carne
845 1212 1013 1293 degentes
1029 1213 1151 1290 latent,

198 1409 419 1491 quantocius,
438 1409 532 1473 etad
548 1408 616 1472 iter
632 1416 666 1472 te
689 1429 885 1492 praeparare
900 1411 1026 1474 stude!
1070 1410 1150 1489 Quo

198 1508 304 1585 dicto,
326 1507 497 1590 disparuit
518 1508 611 1572 illico
632 1508 697 1584 vir,
717 1508 777 1589 qui
803 1528 882 1572 cum
904 1509 964 1572 illo
988 1508 1149 1590 loqueba·

197 1615 266 1671 tur.
293 1607 492 1671 Turcbillus
506 1627 602 1684 vero,
616 1607 682 1671 boc
699 1615 815 1671 autem
832 1615 908 1671 erat
924 1626 1047 1670 nomen
1062 1608 1149 1684 viro,

198 1706 334 1770 concito
360 1706 471 1787 gradu
496 1708 635 1770 domum
665 1726 815 1788 pergens
848 1714 1016 1788 caputet
1045 1708 1149 1789 pedes

196 1805 296 1881 lavit,
309 1805 465 1889 duasque
481 1805 701 1870 mulierculas
721 1804 872 1888 bospitio
887 1813 1045 1887 receptas
1060 1825 1149 1869 com·

197 1906 299 1986 perit,
328 1905 420 1969 sicut
452 1903 519 1969 sibi
557 1912 700 1969 sanctus
731 1905 942 1988 praedixerat
971 1903 1147 1969 Julianus.

198 2003 333 2067 Deinde
349 2004 385 2067 in
400 2011 514 2068 stratu
530 2023 606 2081 suo,
627 2023 728 2085 quem
743 2022 899 2068 seorsum
916 2005 961 2068 ab
976 2023 1086 2067 uxore
1103 2006 1148 2068 ob

197 2103 447 2167 continentiam
473 2110 731 2186 praeparaverat
754 2103 791 2167 in
809 2103 924 2180 domo,
944 2111 1045 2168 extra
1068 2103 1147 2168 tha·

197 2201 326 2266 lamum
342 2222 380 2266 ee
396 2202 572 2266 collocans
594 2202 824 2282 obdormivit3
858 2222 1005 2285 cumque
1028 2222 1147 2267 omnes

197 2300 240 2366 de
256 2301 388 2365 familia
404 2302 522 2383 sopori
542 2302 696 2364 membra
713 2300 901 2378 dedissent,
923 2312 1065 2366 sanctus
1086 2302 1147 2365 ad·

195 2399 263 2466 suit
291 2399 455 2465 Julianus
485 2400 668 2482 virumque
702 2419 823 2465 somno
862 2402 1042 2465 excutiens
1081 2400 1144 2476 ait,

194 2499 309 2564 ‘Ecce
326 2499 459 2575 adsum,
468 2499 560 2564 sicut
577 2500 816 2582 promiseram
835 2508 972 2581 tempus
985 2499 1076 2562 enim
1091 2507 1145 2562 est

195 2606 234 2663 ut
249 2618 381 2663 eamus.
432 2598 600 2677 Quiescat
614 2599 648 2662 in
666 2606 779 2663 stratu
793 2617 919 2680 corpus
943 2606 1052 2673 tuum,
1070 2597 1146 2660 sola

194 2699 286 2761 enim
308 2699 425 2762 anima
447 2705 510 2761 tua
524 2717 657 2761 mecum
674 2705 728 2762 est
745 2698 857 2776 itura;
884 2703 932 2773 et,
952 2716 996 2760 ne
1020 2715 1146 2777 corpus

197 2796 355 2862 videatur
370 2797 593 2873 exstinctum,
608 2796 750 2861 vitalem
771 2797 807 2859 in
831 2802 865 2860 te
883 2795 1004 2859 flatum
1028 2794 1145 2858 dimit-

193 2897 289 2961 tam.'
339 2896 465 2979 Sicque
482 2898 584 2960 ambo
602 2915 625 2959 a
644 2896 746 2961 domo
760 2894 972 2970 recedentes,
986 2893 1146 2957 anchil·

193 2995 248 3058 lus
263 3005 420 3060 sanctum
435 2995 459 3059 J
462 2996 616 3059 ulianam
634 3003 843 3077 praeeuntem
861 2995 1080 3077 sequebatur.

250 3166 293 3230 Ut
315 3167 367 3230 eir
389 3167 530 3251 quidam,
557 3167 594 3231 de
616 3188 740 3252 corpore
762 3168 897 3244 eductus,
923 3167 968 3232 ud
988 3166 1145 3253 quondum

293 3264 465 3344 ὂαιίίιῖσαηι,
477 3264 531 3330 aba*
539 3277 581 3330 eat
590 3269 779 3353 conprepatio
790 3268 982 3345 animaru-m,
992 3267 1145 3331 adductus

285 3365 399 3448 suerit.

244 3487 401 3570 Cumque
429 3489 472 3553 ad
497 3489 614 3553 mundi
637 3489 798 3567 medinm,
824 3491 915 3553 sicut
938 3488 1060 3551 ductor
1079 3489 1145 3552 viri

192 3588 378 3665 fatebatur,
402 3596 525 3653 contra
547 3590 712 3652 orientem
734 3594 972 3671 properarent,
994 3587 1146 3649 intrave-

194 3696 276 3750 runt
305 3686 479 3768 quandam
512 3687 690 3751 basilicam
719 3688 815 3751 mirae
842 3693 1040 3760 structurae,
1064 3703 1144 3766 quae

194 3786 304 3850 tribus
330 3793 465 3850 tantum
490 3787 658 3850 columnis
681 3786 717 3849 in
736 3787 818 3850 tecti
842 3785 982 3866 fastigio
1009 3784 1143 3847 niteba-

193 3893 261 3949 tur.
314 3885 469 3968 Eratque
484 3886 628 3949 basilica
642 3885 784 3967 grandis
807 3884 910 3948 nimis
926 3891 962 3947 et
975 3882 1144 3964 spatiosa,

192 3983 253 4047 sed
276 3984 409 4067 absque
430 3985 632 4068 parietibus,
649 4004 712 4068 per
735 4003 858 4068 gyrum
884 3980 1080 4065 dependens
1105 3990 1145 4044 ut

191 4082 381 4146 claustrum
399 4084 663 4163 monachorum
686 4102 807 4147 verum
835 4101 858 4147 a
883 4088 984 4164 parte
1012 4080 1145 4162 aquilo·

191 4182 268 4246 nari
292 4201 413 4247 murus
432 4190 508 4248 erat
531 4203 600 4247 non
625 4183 726 4247 nimis
753 4181 858 4258 altus,
877 4181 937 4246 sed
960 4179 1061 4264 quasi
1081 4197 1144 4243 sex
