2970 5016
340 460 406 526 290
580 474 714 523 nonunt
739 473 785 521 ou
809 471 1017 521 wuuuovru

184 648 307 738 qma
344 652 407 697 rex
432 632 645 697 Francorum
670 632 886 697 adversarios
915 630 959 695 ad
986 634 1181 712 campestre
1212 646 1298 709 prae·

185 747 284 788 novun-
345 732 429 796 lium
446 732 520 797 fore
535 741 689 815 paratos,
704 733 812 817 jussit
832 738 982 814 pontem,
1005 729 1065 812 qui
1083 747 1105 792 a
1122 736 1225 809 tergo
1245 725 1297 789 sni

347 833 522 896 exercitus
545 840 633 909 erat,
652 831 881 913 confringere,
896 839 948 907 ut,
963 831 994 894 si
1015 829 1104 893 forte
1125 826 1237 908 aliqui
1257 824 1298 888 de

347 931 502 995 exercitu
527 951 592 996 suo
612 930 731 1012 fugam
755 931 842 995 inire
867 933 1112 1012 proponerent,
1136 944 1207 1008 quo
1233 924 1297 987 nisi

347 1031 382 1094 in
397 1029 514 1094 hostes
528 1031 698 1112 fugerent,
714 1049 782 1094 non
801 1029 978 1093 haberent.
1010 1026 1198 1091 Remansit
1211 1024 1298 1087 idem

348 1149 424 1206 rex,
445 1129 625 1212 dispositis
655 1130 794 1194 aciebus
820 1128 912 1192 iufra
942 1127 1109 1191 ambitum
1139 1125 1298 1206 bigarum

348 1247 489 1292 suarum
517 1238 552 1293 et
572 1229 831 1311 quadrigarum,
855 1228 946 1291 sicut
970 1224 1210 1308 supradictum
1234 1232 1297 1298 est,

348 1328 516 1393 insultum
534 1327 810 1392 adversariorum
833 1345 974 1390 suorum
992 1320 1136 1388 ¹ibidem
1156 1342 1299 1406 exspec-

350 1434 441 1491 tans.
473 1426 567 1506 Quid
582 1429 703 1491 moral
722 1426 1017 1509 perstrepentibus
1031 1423 1206 1487 hincinde
1218 1424 1299 1487 buc·

349 1527 448 1603 cinis,
460 1527 564 1602 acies,
576 1527 631 1590 cui
640 1527 783 1590 comites
797 1525 987 1608 supradicti
1002 1529 1190 1606 praeerant,
1200 1529 1298 1586 tanto

349 1624 480 1706 impetu
502 1626 594 1689 acies
616 1625 829 1689 Francorum
849 1625 985 1707 irrupit,
1003 1632 1054 1699 ut,
1074 1623 1109 1686 in
1125 1630 1298 1685 momento

351 1723 545 1806 agminibus
561 1743 679 1788 eorum
693 1723 826 1801 divisis,
843 1743 953 1807 usque
970 1723 1014 1787 ad
1034 1722 1224 1786 stationem
1247 1740 1298 1784 re·

350 1824 405 1905 gis
422 1824 634 1887 Francorum
655 1831 888 1906 penetrarent.
936 1822 985 1887 At
1000 1841 1115 1887 comes
1133 1821 1300 1903 Regina]-

351 1923 429 2000 dus,
445 1943 523 1987 cum
540 1943 667 2005 regem,
680 1923 739 2006 qui
755 1924 869 2005 ipsum
885 1921 1145 1986 exheredatum
1157 1939 1180 1984 a
1194 1920 1298 1983 comi-

352 2030 429 2085 tatu
443 2042 508 2086 suo
524 2022 718 2104 expulerat,
739 2022 971 2104 cognovisset,
993 2020 1152 2085 lanceam
1174 2019 1301 2084 direxit

352 2121 388 2183 iu
412 2140 503 2197 eum,
527 2140 711 2204 regemque
736 2123 922 2186 interram
945 2128 1159 2204 prostratum
1184 2118 1301 2201 gladio

351 2219 544 2283 interlicere
559 2222 758 2302 satagebat3
782 2221 842 2285 sed
859 2219 958 2284 miles
973 2219 1126 2303 quidam,
1141 2218 1202 2301 qui
1224 2238 1300 2282 cum

350 2317 429 2381 aliis
445 2318 489 2381 ad
507 2317 599 2399 regis
615 2320 808 2384 custodiam
825 2319 938 2384 fuerat
951 2319 1150 2402 deputatus,
1174 2318 1301 2383 ictibus

351 2414 434 2481 dicti
457 2417 593 2481 comitis
621 2437 659 2482 se
686 2438 865 2502 opponens
887 2438 951 2501 pro
982 2437 1065 2500 rege
1098 2416 1300 2482 interfectus

351 2517 523 2581 occubuit.
576 2516 743 2583 Videutes
772 2525 889 2583 autem
923 2518 1149 2598 Francigenae
1185 2536 1300 2598 regem

351 2634 452 2680 suum
474 2623 698 2698 prostratum,
729 2624 949 2681 accesserunt
982 2635 1060 2681 cum
1091 2615 1227 2699 impetu
1258 2615 1301 2679 ad

351 2734 523 2778 eumcum
541 2734 725 2780 numerosa
741 2717 888 2781 militnm
904 2715 1137 2791 multitudiue,
1154 2722 1202 2792 et,
1221 2715 1301 2779 licet

351 2833 429 2878 cum
443 2814 573 2891 labore,
590 2835 680 2897 equo
690 2835 754 2880 suo
764 2816 863 2879 illum
876 2816 1087 2893 restituunt3
1110 2834 1181 2897 quo
1195 2815 1300 2890 facto,

351 2913 479 2975 bellum
497 2914 696 2978 accenditur
718 2915 914 2997 utrobique,
937 2933 1037 2978 enses
1053 2913 1155 2996 quasi
1171 2914 1299 2978 fulmen

351 3011 500 3075 emicant
516 3013 608 3075 circa
623 3014 739 3096 capita
757 3014 907 3095 galeata,
924 3013 964 3078 iit
980 3013 1210 3094 gravissimus
1223 3014 1300 3077 hinc

350 3109 431 3172 inde
459 3110 651 3175 conflictus.
703 3113 771 3177 Sed
798 3113 941 3177 comites
968 3132 1062 3195 saepe
1094 3111 1192 3191 dicti,
1223 3133 1298 3178 cum

250 3263 262 3279 ,
352 3208 426 3271 acie
448 3210 504 3273 cui
531 3220 716 3293 praeerant,
736 3232 759 3275 a
782 3212 1071 3277 commilitonibus
1098 3212 1173 3276 suis
1199 3214 1299 3277 nimis

351 3309 486 3384 remoti,
504 3310 675 3391 praeclusa
687 3319 740 3376 est
758 3312 808 3376 eis
824 3313 881 3376 via
899 3312 943 3376 ad
965 3313 1078 3376 socios
1093 3313 1299 3388 revertendi,

351 3408 442 3471 sicut
466 3408 534 3472 illis
558 3409 706 3474 facultas
723 3411 841 3475 ablata
863 3419 917 3476 est
938 3412 982 3475 ad
1004 3410 1100 3493 ipsos
1115 3412 1298 3490 veniendi3

352 3508 441 3571 unde
459 3508 587 3573 factum
604 3516 669 3586 est,
680 3511 772 3592 quod
789 3530 870 3593 pars
886 3530 1004 3574 eorum
1019 3517 1072 3574 tot
1086 3510 1297 3576 Francorum

351 3607 443 3670 vires
470 3609 558 3671 ferre
586 3629 655 3672 nou
683 3609 803 3672 valeus
832 3610 933 3673 nimis
964 3626 1132 3692 oppressa
1164 3610 1298 3685 defecit,

350 3706 469 3788 sicque
482 3708 625 3771 comites
642 3710 834 3786 memorati,
850 3729 927 3773 cum
943 3710 1017 3773 acie
1034 3715 1112 3773 tota
1131 3712 1189 3775 cui
1211 3730 1297 3793 prae·

350 3814 461 3882 erant,
489 3815 567 3888 post
597 3808 783 3870 maximam
813 3808 1022 3890 probitatem
1044 3810 1139 3891 capti
1163 3816 1298 3874 suntet

349 3904 496 3968 vinculis
511 3906 709 3988 mancipati.

384 4135 492 4189 ¹fbidem
502 4139 665 4204 respectam]
687 4135 796 4204 Philip's
812 4143 918 4194 address
933 4148 959 4192 to
974 4142 1015 4193 bis
1030 4143 1138 4192 salutern
1154 4141 1239 4193 before
1256 4140 1295 4189 tlte

345 4206 423 4258 battle
434 4210 457 4258 ia
468 4211 542 4271 given
555 4211 589 4271 by
602 4211 682 4273 Brito,
694 4227 720 4273 p.
732 4216 773 4262 9⁵.
836 4249 839 4253 -
