2970 5016
186 652 241 691 M).
253 654 307 692 lm.

184 703 277 742 eruendo

183 753 311 801 coelumne

185 803 316 852 albucum.

346 461 412 524 270
595 477 729 525 uocum
755 478 802 524 nn
825 478 1036 526 wnunovsr

347 654 419 717 pree
445 635 571 712 inedia,
594 654 701 717 supra
722 655 826 717 qnam
850 635 1005 699 crederet
1026 635 1223 718 quisquam,
1249 637 1299 701 la·

347 735 521 811 borni-ent,
545 734 744 799 obtulerunt
764 755 802 798 se
825 742 860 798 et
881 754 945 798 sua
971 736 1088 799 omnia
1111 755 1191 799 cum
1218 736 1299 800 civi-

348 841 421 898 tate
447 854 549 897 cruce
575 833 736 916 signatis,
762 841 801 899 ut
824 834 1063 899 tantummodo
1085 836 1160 899 vita
1181 837 1233 898 eis
1255 855 1298 899 ex

346 933 581 997 misericordia
609 940 807 998 servaretur
835 941 871 997 et
893 933 1144 999 deducerentur
1171 934 1296 998 saltem

346 1052 415 1096 uno
439 1033 495 1096 die
520 1033 645 1096 securi.
698 1031 832 1096 Habito
859 1052 943 1113 ergo
966 1033 1122 1110 consilio,
1148 1034 1296 1098 barones

346 1133 446 1213 quasi
481 1131 649 1213 compulsi
682 1132 858 1195 civitatem
890 1132 955 1195 sub
984 1133 1095 1196 forma
1129 1134 1296 1215 praedicta

346 1237 561 1312 receperunt,
583 1237 657 1294 tum
683 1231 765 1311 quia
786 1230 878 1313 apud
905 1229 1059 1294 homines
1082 1232 1295 1314 inexpugna-

346 1329 424 1392 bilis
442 1330 634 1407 videbatur,
652 1338 725 1392 tum
742 1330 838 1411 quia,
856 1330 886 1392 si
904 1330 1028 1393 civitas
1045 1332 1184 1412 penitus
1205 1331 1295 1396 dele·

346 1438 453 1505 retur,
472 1449 539 1493 non
562 1430 775 1493 inveniretur
793 1428 836 1492 de
861 1429 1033 1492 nobilibus
1052 1430 1137 1493 viris
1162 1432 1293 1494 exerci-

346 1533 403 1591 tus
420 1530 480 1610 qni
498 1548 642 1611 regnum
660 1536 762 1591 terroe
783 1528 878 1591 illius
901 1529 1102 1610 susciperet,
1125 1549 1204 1593 cum
1228 1551 1294 1594 non

346 1637 537 1692 remaneret
554 1628 650 1691 locus
670 1629 705 1689 in
724 1636 816 1691 terra
835 1627 1023 1710 subjugata
1041 1629 1099 1691 ubi
1116 1628 1292 1694 resideret.

347 1725 397 1790 Ut
418 1727 525 1807 igitur
548 1734 651 1804 terra,
671 1746 775 1808 quam
799 1726 894 1790 dedit
918 1726 1087 1790 Dominus
1113 1728 1152 1791 in
1172 1748 1292 1793 manus

345 1845 522 1890 servorum
539 1846 692 1902 suorum,
712 1826 756 1889 ad
776 1825 937 1890 honorem
958 1826 1026 1890 Dei
1047 1833 1083 1889 et
1099 1827 1291 1908 profectum

345 1924 619 1990 Christianitatis
649 1933 856 2001 servaretur,
880 1925 922 1988 de
943 1927 1116 1989 communi
1149 1928 1293 1991 consilio

345 2024 568 2105 praelatorum
587 2044 628 2088 ac
648 2025 813 2089 baronum
831 2023 962 2087 electus
977 2034 1031 2088 est
1046 2025 1080 2087 in
1103 2027 1292 2108 principem

345 2130 447 2186 terrae
477 2123 571 2186 illius
593 2125 647 2187 vir
679 2124 804 2187 nobilis
837 2122 956 2187 Simon
987 2123 1029 2186 de
1061 2123 1294 2202 Monte-forti,

344 2239 459 2284 comes
481 2221 701 2301 Leicestriae3
732 2223 768 2285 in
796 2223 896 2305 cujus
922 2242 1045 2286 manns
1068 2224 1217 2288 traditus
1243 2232 1294 2289 est

344 2320 504 2401 captivus
521 2320 574 2384 vir
597 2321 721 2385 nobilis
743 2321 904 2403 Rogems
922 2323 1113 2386 vicecomes
1132 2331 1168 2387 et
1185 2324 1292 2388 domi-

345 2438 411 2482 nus
440 2421 613 2501 quondam
641 2420 750 2502 ipsius
770 2429 884 2497 terroe,
909 2440 987 2484 cum
1009 2429 1084 2485 tota
1113 2424 1292 2504 provincia

343 2519 416 2595 illa,
435 2519 595 2584 videlicet
611 2520 793 2602 plusquam
805 2527 944 2583 centnm
958 2521 1094 2597 castris,
1109 2541 1188 2602 qnae
1202 2523 1291 2586 infra

344 2638 495 2682 mensem
523 2639 627 2682 unum
653 2619 816 2700 dignatus
842 2625 895 2682 est
921 2619 1091 2683 Dominus
1111 2621 1291 2686 catholicae

344 2720 525 2782 restituere
551 2719 688 2794 unitati,
720 2720 810 2782 inter
840 2737 918 2799 quae
950 2719 1052 2800 plura
1083 2728 1184 2784 erant
1206 2722 1291 2785 adeo

344 2818 485 2895 nobilia,
515 2826 554 2881 ut
576 2818 763 2899 quemlibet
785 2819 987 2894 exercitum,
1007 2819 1114 2902 juxta
1140 2822 1291 2884 aestima·

343 2917 471 2979 tionem
501 2917 698 2994 humanam,
725 2917 895 2980 modicum
923 2917 1159 2982 formidarent.
1224 2919 1290 2983 His

343 3014 393 3078 ita
417 3016 579 3097 peractiS,
598 3036 676 3080 cum
696 3036 810 3080 comcs
832 3015 1059 3079 Nivernensis
1085 3025 1120 3081 et
1143 3018 1289 3100 plurima

342 3133 424 3195 pars
455 3117 629 3179 exercitus
659 3116 703 3178 ad
735 3134 800 3178 sua
829 3116 1015 3192 redierunt,
1047 3116 1193 3181 illustris
1220 3121 1288 3183 dux

343 3212 555 3294 Burgundiae
573 3223 609 3279 et
625 3215 749 3297 reliqui
768 3222 948 3295 magnates
969 3234 1047 3278 cum
1064 3219 1220 3282 exercitu
1239 3240 1290 3281 re·

342 3313 441 3377 siduo
474 3314 518 3377 ad
555 3314 814 3396 exstirpandam
849 3316 1056 3395 pravitatem
1092 3315 1288 3381 haereticam

341 3422 595 3494 processerunt,
626 3422 661 3477 et
683 3413 783 3495 plura
814 3423 929 3476 castra
959 3413 1146 3477 admodum
1175 3417 1290 3493 fortia,

340 3514 414 3576 sive
437 3533 553 3577 amore
579 3513 653 3576 sive
676 3514 811 3588 timore,
838 3513 1055 3594 postmodum
1075 3514 1289 3580 tradiderunt

339 3613 373 3674 in
397 3631 518 3676 manns
536 3612 687 3676 Simonis
707 3612 842 3675 comitis
864 3611 1128 3676 Montis-fortis.

354 3784 404 3848 De
418 3784 538 3850 nuntiis
555 3806 644 3849 cruce
657 3786 851 3869 sipuotorum
863 3784 909 3848 ad
926 3783 1086 3849 Tholocum
1101 3784 1274 3850 destinatis.

390 3909 563 3988 Quoniam
584 3910 709 3972 civitas
727 3908 928 3973 Thoiosana
949 3917 1114 3988 tanquam
1136 3911 1290 3990 graviter

338 4009 473 4090 polluto
502 4009 697 4092 hujusmodi
727 4016 824 4090 peste
851 4028 896 4071 ex
926 4007 987 4071 diu
1014 4007 1162 4090 pessime
1192 4009 1288 4073 diffa-

337 4117 433 4173 mata
457 4109 583 4185 fuerat,
615 4109 783 4172 miserunt
813 4108 959 4171 barones
992 4107 1036 4171 ad
1071 4108 1166 4172 cives
1196 4110 1289 4173 illius

336 4208 491 4273 civitatis
513 4209 684 4273 solemnes
709 4207 847 4271 nuntios
872 4227 950 4271 cum
976 4207 1086 4271 literis
1114 4208 1200 4286 suis,
1224 4210 1288 4273 sci·
