2970 5016
388 433 452 499 178
637 449 770 497 uocant
795 448 842 495 ns
865 447 1073 495 wssnovmt

227 625 350 723 ma.
389 607 534 670 invenit.
577 606 710 669 Videns
724 605 860 669 tandem
878 603 1069 668 monachus
1084 603 1177 666 circa
1193 603 1343 665 iconiam

225 724 354 773 mins
389 705 542 769 divinam
566 705 742 780 virtutem,
764 705 880 786 posuit
906 723 982 767 eam
1003 703 1040 766 in
1062 701 1215 766 oratorio
1237 721 1344 783 super

227 773 367 876 'til-illlis«
390 805 512 883 altare,
545 813 580 868 et
605 805 739 868 rediens
768 803 812 866 ad
841 802 1138 867 sanctimonialem
1164 800 1344 865 foeminam

391 907 507 969 omnia
529 925 590 986 per
607 904 760 967 ordinem
783 903 914 979 retulit,
936 921 1016 985 quae
1037 902 1081 965 de
1103 902 1217 966 iconia
1238 901 1344 963 mira-

390 1003 517 1079 biliter,
535 1010 575 1066 ut
591 1004 750 1084 superius
767 1002 913 1065 relatum
930 1009 996 1076 est,
1011 1009 1112 1082 gesta
1126 1009 1229 1077 sunt;
1252 1000 1344 1062 dixit

391 1122 476 1184 ergo
497 1102 650 1167 divinam
672 1121 749 1166 esse
766 1101 996 1176 voluntatem,
1018 1108 1058 1164 ut
1078 1101 1194 1163 iconia
1217 1100 1266 1163 ibi
1288 1119 1342 1162 re·

392 1209 548 1265 maneret
568 1209 604 1264 et
626 1202 743 1264 debito
767 1200 892 1264 ibidem
916 1208 1139 1263 veneraretur
1162 1200 1344 1280 obsequio.

394 1298 539 1382 Accepit
568 1320 651 1381 ergo
678 1300 864 1381 imaginem
892 1297 1176 1374 sanctimonialis,
1201 1298 1343 1364 benedi.-

392 1418 474 1462 cens
505 1399 692 1462 Dominum
716 1400 861 1482 ejusque
888 1399 1088 1478 genitricem
1114 1397 1157 1460 de
1182 1398 1344 1460 omuibus

391 1517 470 1580 quae
487 1499 552 1561 sibi
576 1498 765 1561 monachus
782 1496 972 1575 revelavit3
999 1495 1187 1561 monachus
1203 1516 1344 1578 qnoque

392 1596 427 1661 in
452 1597 570 1661 eodem
592 1597 669 1661 loco
689 1597 864 1661 residuum
885 1597 967 1661 vitae
992 1615 1065 1659 suae
1086 1615 1253 1677 peragere
1281 1596 1341 1658 de·

392 1697 514 1772 crevit,
542 1686 684 1779 propter
709 1697 868 1772 virtutes,
895 1714 983 1778 quas
1009 1695 1197 1758 Dominum
1219 1694 1342 1758 fecisse

393 1803 606 1877 cognoverat
632 1816 693 1878 per
717 1796 902 1877 imaginem
932 1814 1006 1858 suae
1039 1802 1170 1857 sanctae
1200 1795 1342 1876 genitri-

393 1895 455 1959 cis.
507 1894 625 1978 Coepit
650 1896 765 1958 iconia
794 1893 955 1977 deinceps
978 1893 1081 1957 valde
1111 1894 1156 1956 ab
1182 1894 1343 1957 omnibus

392 1996 562 2071 venerari,
580 2002 615 2058 et
629 2001 810 2076 coeperunt
824 2012 944 2057 omnes
962 1993 998 2056 in
1017 2010 1060 2056 ea
1079 1993 1147 2055 Dei
1166 1993 1344 2074 magnalia

391 2092 565 2157 admirari.

467 2265 509 2329 Ut
522 2266 624 2350 imago
641 2265 704 2329 Dei
715 2266 878 2350 §altricis
889 2264 949 2330 olei
964 2266 1112 2351 liquorem
1125 2265 1270 2330 emnam.

444 2388 513 2452 His
537 2388 589 2452 ita
613 2389 734 2470 gestis,
760 2388 902 2453 foemina
930 2387 1203 2452 sanctimonialis
1226 2388 1342 2451 locum

391 2507 604 2571 praeparans,
637 2496 677 2552 ut
707 2488 773 2551 sibi
804 2489 997 2563 videbatur,
1029 2487 1273 2562 honestiorem,
1306 2488 1342 2549 in

389 2606 460 2669 quo
502 2588 688 2668 imaginem
729 2593 881 2669 poneret,
921 2587 1059 2667 rogavit
1101 2587 1340 2669 presbyterum

389 2686 575 2767 quendam,
597 2692 763 2768 tanquam
790 2705 828 2748 se
849 2685 1041 2771 digniorem
1065 2693 1102 2749 et
1124 2705 1257 2748 morum
1279 2684 1342 2748 bo·

391 2792 526 2849 nestate
552 2786 748 2867 praeditum,
774 2791 814 2847 ut
840 2784 1014 2861 credebat,
1040 2792 1080 2848 ut
1101 2785 1257 2848 vestibus
1282 2804 1341 2848 sa·

390 2885 458 2948 cris
482 2884 625 2947 indutus
653 2884 697 2947 ad
723 2883 908 2964 imaginem
933 2884 1113 2948 accederet
1139 2891 1174 2946 et
1195 2902 1272 2946 eam
1294 2884 1340 2948 ad

390 2981 504 3047 locum
539 2982 827 3064 praenominatum
858 2980 1071 3046 transferret.
1126 2981 1191 3045 Ille
1223 2990 1340 3046 autem

390 3082 575 3144 verebatur
601 3081 702 3143 nimis
728 3100 805 3145 eam
834 3090 988 3163 tangere,
1021 3081 1103 3163 quia
1133 3100 1155 3144 a
1185 3087 1341 3163 tempore

389 3178 549 3259 i110‚qu0
568 3197 673 3260 super
687 3179 797 3244 altare
817 3182 932 3262 posita
951 3181 1076 3256 suerat,
1094 3180 1219 3243 sudare
1233 3183 1343 3263 coepit

390 3284 427 3341 et
447 3278 613 3360 liquorem
635 3279 701 3342 olei
723 3280 969 3343 lucidissimum
994 3280 1149 3343 emittere
1174 3298 1243 3342 non
1267 3300 1341 3343 ces-

390 3377 504 3456 savit;
528 3396 630 3459 quarn
653 3377 914 3443 desudationem
934 3379 1077 3442 soemina
1095 3379 1341 3442 sanctimonia·

390 3475 432 3540 lis
456 3477 552 3558 prius
576 3496 654 3540 cum
677 3478 820 3541 sindone
848 3478 976 3542 munda
993 3479 1188 3559 detergens,
1217 3487 1342 3558 postca

390 3576 568 3640 vasculum
599 3578 738 3658 paravit
760 3596 892 3641 aeueum
924 3586 959 3641 et
984 3578 1151 3660 liquorem
1184 3578 1340 3659 recepit3

390 3694 492 3756 quem
521 3695 600 3737 cum
625 3676 662 3738 in
689 3676 828 3740 nomine
861 3677 1002 3740 Domini
1027 3677 1171 3760 ejusque
1197 3677 1341 3757 genitri-

389 3773 439 3836 cis
462 3773 607 3837 infirmis
628 3775 815 3850 tribuisset,
833 3793 854 3836 a
870 3776 976 3839 variis
1000 3775 1225 3856 languoribus
1246 3775 1341 3839 illico

389 3873 604 3936 sanabantur
634 3882 669 3937 et
699 3874 877 3955 hucusque
908 3881 1088 3939 sanantur.
1153 3872 1342 3957 Presbyter

389 3978 503 4034 autern
528 3972 715 4054 praedictus
740 3973 783 4036 ad
808 3974 992 4056 imaginem
1018 3981 1147 4037 temere
1172 3973 1340 4037 accedens

387 4076 423 4132 et
439 4078 478 4134 ut
495 4089 570 4134 eam
588 4071 803 4150 transferret,
822 4074 993 4155 protinus,
1011 4092 1089 4136 cum
1107 4072 1276 4155 liquorem
1295 4093 1339 4136 ex

386 4186 428 4231 ea
448 4176 644 4234 manantem
668 4172 795 4253 tetigit,
820 4170 982 4236 arefacta>
1007 4178 1090 4235 sunt
1111 4171 1187 4254 ejus
1215 4189 1340 4235 manus
