2970 5016
456 489 594 537 suonss
618 489 887 539 nrsronrxnuu.
1082 476 1148 541 337

195 644 364 708 auxilium
397 665 466 709 non
499 648 724 729 praestiterint
754 648 809 711 vel
846 647 1012 722 favorem,
1044 651 1278 731 quasiinun-

195 744 336 820 conscii,
357 764 400 808 ne
421 746 576 809 dicamus
599 747 696 822 socii,
723 746 972 829 conjurationis
991 747 1142 828 iniquae3

196 842 278 923 quia
307 862 376 906 non
402 851 498 907 caret
523 845 685 926 scrupulo
713 845 889 908 societatis
911 845 1051 926 iniquae,
1082 848 1144 928 qui

196 941 377 1005 manifesto
404 942 549 1006 facinori
576 943 703 1007 desinit
730 944 883 1019 obviare.
937 943 1027 1007 Ecce
1054 965 1141 1026 qua·

195 1038 275 1102 liter
306 1041 550 1122 patrimonium
577 1040 747 1105 Romanae
775 1042 928 1105 ecclesiae
960 1043 1141 1124 pontifices

196 1138 332 1218 praefati
349 1139 563 1203 defendunt?
587 1140 736 1222 qualiter
753 1159 854 1204 cruce
870 1141 1026 1221 signatos
1044 1150 1141 1204 tuen·

195 1244 272 1313 tur;
296 1237 365 1301 imo
382 1238 531 1319 qualiter
548 1258 585 1301 se
605 1245 785 1320 opponunt
802 1238 867 1312 bis,
884 1240 944 1322 qui
965 1240 1141 1304 destruere

196 1335 384 1398 moliuntur
405 1337 581 1417 negotium
599 1336 791 1401 Crucifixii
845 1336 988 1419 Pejores
1005 1339 1141 1419 procul-

195 1432 299 1497 dubio
321 1433 502 1498 Saracenis
526 1436 728 1511 existentes,
752 1436 947 1498 camillum
972 1443 1142 1500 conantur

194 1550 215 1594 a
232 1552 339 1613 regno
354 1533 536 1615 depellere,
546 1533 588 1596 de
601 1554 670 1615 quo
684 1533 799 1616 potius
816 1535 1032 1615 sperabatur,
1047 1536 1139 1617 quod

194 1629 333 1694 deberet
353 1650 552 1695 succurrere
569 1640 669 1696 terrae
697 1638 839 1695 sanctae.
892 1632 1006 1708 Unde,
1027 1652 1070 1695 ne
1089 1641 1140 1697 ta·

195 1728 277 1790 lium
303 1730 490 1794 insolentia
516 1750 584 1794 non
612 1730 724 1794 solum
752 1731 787 1792 in
823 1730 1011 1811 periculum
1042 1733 1139 1810 regni

192 1825 344 1907 Angliae,
362 1848 480 1892 verum
500 1830 603 1892 etiam
627 1831 662 1892 in
686 1829 869 1911 pernicicm
894 1829 1038 1892 allorum
1061 1849 1140 1911 reg·

194 1945 314 1988 norum
334 1935 369 1990 et
385 1928 534 1990 maxime
554 1929 590 1990 in
611 1928 869 1991 subversionem
886 1928 992 1990 totius
1010 1928 1142 2009 negotii

196 2024 374 2102 Crucifixi,
391 2026 507 2089 valeat
524 2027 725 2106 praevalere,
751 2045 814 2088 nos
839 2045 883 2088 cx
911 2033 1010 2107 parte
1030 2027 1140 2090 omni·

194 2123 345 2204 potentis
375 2124 441 2187 Dei
468 2124 584 2188 Patris
611 2133 647 2188 et
671 2123 751 2187 Filii
778 2130 814 2187 et
836 2124 986 2206 Spiritus
1009 2125 1141 2202 Sancti,

195 2223 401 2286 auctoritate
430 2242 568 2305 qnoque
599 2223 832 2305 apostolorum
867 2223 943 2305 ejus
975 2222 1072 2287 Petri
1104 2231 1142 2288 et

196 2318 299 2383 Pauli
317 2340 358 2383 ac
378 2328 508 2398 nostra,
526 2341 645 2385 omnes
663 2320 861 2403 hujusmodi
882 2323 1140 2403 perturbatores

193 2419 286 2498 regis
304 2437 344 2481 ac
361 2420 458 2500 regni
475 2419 613 2501 Angliae
632 2440 710 2482 cum
729 2420 953 2501 complicibus
971 2426 1006 2482 et
1024 2420 1139 2484 fauto-

193 2517 287 2579 ribus
323 2517 395 2580 suis
425 2518 789 2582 excommunicationis
821 2517 959 2580 vinculo
991 2518 1137 2581 innoda-

194 2635 269 2679 mus
303 2623 339 2679 et
368 2622 478 2679 terras
513 2637 631 2680 eorum
666 2615 900 2680 ecclesiastico
935 2601 1137 2697 subjicimus

193 2713 398 2793 interdict03
425 2716 570 2796 praefato
590 2715 849 2796 archiepiscopo
871 2721 907 2776 et
924 2713 1136 2795 coepiscopis

194 2814 265 2876 suis
292 2813 328 2875 in
357 2814 485 2877 virtute
512 2815 716 2877 obedientiae
744 2811 994 2875 districtissime
1022 2812 1135 2894 injun-

194 2919 327 2992 gentes,
337 2920 509 2992 quatenus
525 2920 678 2976 nostram
690 2910 897 2974 sententiam
907 2910 1052 2990 siugulis
1062 2910 1135 2973 die·

193 3011 257 3073 bus
280 3010 472 3074 Dominicis
497 3017 532 3074 et
554 3010 701 3086 festivis,
724 3009 870 3093 pulsatis
897 3010 1075 3090 campanis
1101 3017 1136 3073 et

193 3108 345 3172 candelis
362 3111 529 3185 accensis,
549 3109 748 3172 solemniter
764 3127 826 3190 per
843 3115 953 3172 totam
971 3106 1136 3188 Angliam

194 3207 368 3289 publicare
394 3215 592 3289 procurent,
615 3207 723 3271 donec
744 3205 975 3269 satisfecerint
997 3206 1137 3269 domino

192 3307 266 3386 regi
295 3306 337 3369 de
364 3305 500 3368 damnis
524 3313 560 3369 et
582 3305 718 3388 injuriis
746 3305 909 3385 irrogatis
939 3303 1036 3366 etad
1060 3304 1135 3385 ejus

192 3405 393 3486 obsequium
426 3403 573 3467 fideliter
606 3409 849 3481 revertantur3
886 3401 1056 3464 universis
1085 3401 1136 3463 in·

192 3521 297 3585 super
311 3502 464 3585 ejusdem
486 3503 578 3583 regis
592 3501 734 3566 vasallis
748 3502 784 3564 in
799 3499 1034 3564 remissionem
1056 3519 1136 3581 pec·

191 3609 347 3664 catorum
369 3621 414 3664 ex
438 3609 537 3683 parte
562 3608 682 3665 nostra
702 3599 936 3682 injungentes,
958 3604 1137 3660 utcontra

191 3718 411 3781 perversores
455 3699 649 3782 hujusmodi
690 3698 837 3780 praefato
878 3697 952 3777 regi
983 3696 1138 3758 tribuant

192 3799 373 3863 consilium
394 3806 428 3862 et
439 3798 617 3880 juvamen.
671 3796 708 3859 Si
726 3796 804 3878 quis
822 3804 937 3859 autem
958 3795 1137 3876 episcopo-

192 3917 266 3960 rum
297 3896 362 3960 hoc
391 3905 547 3960 nostrum
574 3902 785 3979 praeceptum
815 3893 1007 3974 neglexerit
1028 3891 1137 3954 adim·

191 3995 298 4076 plere,
326 3996 414 4058 sciat
438 4015 475 4058 se
504 3997 547 4058 ab
577 3994 766 4077 episcopali
793 3990 904 4056 officio
933 4008 1137 4071 suspensum

190 4099 226 4155 et
256 4093 492 4174 subjectorum
528 4093 758 4157 obedientiam
797 4109 872 4153 esse
911 4089 1137 4162 subtractam,

191 4190 274 4272 quia
293 4191 428 4273 justum
453 4202 508 4255 est
527 4200 565 4255 ut
587 4193 637 4254 eis
663 4191 842 4253 inferiores
867 4207 937 4252 non
964 4187 1137 4262 obediant,

242 4306 322 4353 vot..
340 4306 392 4352 111.
970 4303 989 4350 z
