<?xml version="1.0" encoding="UTF-8"?>
<!DOCTYPE html PUBLIC "-//W3C//DTD XHTML 1.0 Transitional//EN"
    "http://www.w3.org/TR/xhtml1/DTD/xhtml1-transitional.dtd">
<html xmlns="http://www.w3.org/1999/xhtml" xml:lang="en" lang="en">
 <head>
  <title>
</title>
<meta http-equiv="Content-Type" content="text/html;charset=utf-8" />
  <meta name='ocr-system' content='tesseract 3.04.00' />
  <meta name='ocr-capabilities' content='ocr_page ocr_carea ocr_par ocr_line ocrx_word'/>
</head>
<body>
  <div class='ocr_page' id='page_1' title='image "./rogeridewendove08rogegoog_0271.png"; bbox 0 0 2970 5016; ppageno 0'>
   <div class='ocr_carea' id='block_1_1' title="bbox 337 452 1029 518">
    <p class='ocr_par' dir='ltr' id='par_1_1' title="bbox 337 452 1029 518">
     <span class='ocr_line' id='line_1_1' title="bbox 337 452 1029 518; baseline -0.012 0"><span class='ocrx_word' id='word_1_1' title='bbox 337 452 403 518; x_wconf 71' lang='lat'><strong>262</strong></span> <span class='ocrx_word' id='word_1_2' title='bbox 597 466 731 514; x_wconf 79' lang='lat' dir='ltr'><strong>noorai</strong></span> <span class='ocrx_word' id='word_1_3' title='bbox 755 466 802 513; x_wconf 89' lang='lat' dir='ltr'><strong>nn</strong></span> <span class='ocrx_word' id='word_1_4' title='bbox 820 463 1029 513; x_wconf 80' lang='lat' dir='ltr'><strong>wannovna</strong></span> 
     </span>
    </p>
   </div>
   <div class='ocr_carea' id='block_1_2' title="bbox 180 615 1294 804">
    <p class='ocr_par' dir='ltr' id='par_1_2' title="bbox 180 615 1294 804">
     <span class='ocr_line' id='line_1_2' title="bbox 180 615 1294 700; baseline -0.01 -11"><span class='ocrx_word' id='word_1_5' title='bbox 180 644 234 685; x_wconf 71' lang='lat' dir='ltr'><strong>nn.</strong></span> <span class='ocrx_word' id='word_1_6' title='bbox 247 643 303 682; x_wconf 78' lang='lat' dir='ltr'><strong>uu-</strong></span> <span class='ocrx_word' id='word_1_7' title='bbox 341 623 541 688; x_wconf 87' lang='lat' dir='ltr'><strong>derelictum</strong></span> <span class='ocrx_word' id='word_1_8' title='bbox 573 621 748 698; x_wconf 81' lang='lat' dir='ltr'>cernebat,</span> <span class='ocrx_word' id='word_1_9' title='bbox 782 618 989 684; x_wconf 84' lang='lat' dir='ltr'><strong>necessitate</strong></span> <span class='ocrx_word' id='word_1_10' title='bbox 1019 615 1220 700; x_wconf 87' lang='lat' dir='ltr'><strong>compulsus</strong></span> <span class='ocrx_word' id='word_1_11' title='bbox 1251 615 1294 678; x_wconf 89' lang='lat' dir='ltr'><strong>ad</strong></span> 
     </span>
     <span class='ocr_line' id='line_1_3' title="bbox 343 721 708 804; baseline -0.008 -18"><span class='ocrx_word' id='word_1_12' title='bbox 343 722 507 804; x_wconf 88' lang='lat' dir='ltr'><strong>Angliam</strong></span> <span class='ocrx_word' id='word_1_13' title='bbox 529 721 708 784; x_wconf 87' lang='lat' dir='ltr'><strong>remeavit.</strong></span> 
     </span>
    </p>
   </div>
   <div class='ocr_carea' id='block_1_3' title="bbox 487 892 1145 1005">
    <p class='ocr_par' dir='ltr' id='par_1_3' title="bbox 487 892 1145 1005">
     <span class='ocr_line' id='line_1_4' title="bbox 487 892 1145 1005; baseline -0.008 -45"><span class='ocrx_word' id='word_1_14' title='bbox 487 897 537 960; x_wconf 81' lang='lat' dir='ltr'><strong>De</strong></span> <span class='ocrx_word' id='word_1_15' title='bbox 554 896 652 1005; x_wconf 64' lang='lat' dir='ltr'><strong>lepram</strong></span> <span class='ocrx_word' id='word_1_16' title='bbox 668 903 696 960; x_wconf 76' lang='lat' dir='ltr'><strong>or</strong></span> <span class='ocrx_word' id='word_1_17' title='bbox 710 893 753 959; x_wconf 76' lang='lat' dir='ltr'><strong>lib</strong></span> <span class='ocrx_word' id='word_1_18' title='bbox 754 902 889 958; x_wconf 63' lang='lat' dir='ltr'><strong>enatum</strong></span> <span class='ocrx_word' id='word_1_19' title='bbox 903 892 1145 958; x_wconf 59' lang='lat' dir='ltr'><strong>moabitem.</strong></span> 
     </span>
    </p>
   </div>
   <div class='ocr_carea' id='block_1_4' title="bbox 182 1011 1303 4073">
    <p class='ocr_par' dir='ltr' id='par_1_4' title="bbox 182 1011 1303 4073">
     <span class='ocr_line' id='line_1_5' title="bbox 182 1011 1295 1129; baseline -0.009 -44"><span class='ocrx_word' id='word_1_20' title='bbox 182 1035 307 1129; x_wconf 60' lang='lat' dir='ltr'><strong>prum-t</strong></span> <span class='ocrx_word' id='word_1_21' title='bbox 413 1019 507 1083; x_wconf 93' lang='lat' dir='ltr'><strong>Dum</strong></span> <span class='ocrx_word' id='word_1_22' title='bbox 546 1019 620 1084; x_wconf 86' lang='lat' dir='ltr'><strong>haec</strong></span> <span class='ocrx_word' id='word_1_23' title='bbox 657 1025 855 1101; x_wconf 79' lang='lat' dir='ltr'><strong>agerentur,</strong></span> <span class='ocrx_word' id='word_1_24' title='bbox 890 1015 1120 1082; x_wconf 85' lang='lat' dir='ltr'><strong>interfuerunt</strong></span> <span class='ocrx_word' id='word_1_25' title='bbox 1151 1011 1295 1076; x_wconf 88' lang='lat' dir='ltr'><strong>concilio</strong></span> 
     </span>
     <span class='ocr_line' id='line_1_6' title="bbox 290 1097 1295 1201; baseline -0.009 -18.459"><span class='ocrx_word' id='word_1_26' title='bbox 290 1097 439 1201; x_wconf 90' lang='lat' dir='ltr'><strong>apud</strong></span> <span class='ocrx_word' id='word_1_27' title='bbox 459 1126 619 1182; x_wconf 86' lang='lat' dir='ltr'><strong>sanctum</strong></span> <span class='ocrx_word' id='word_1_28' title='bbox 636 1117 811 1182; x_wconf 87' lang='lat' dir='ltr'><strong>Albanum</strong></span> <span class='ocrx_word' id='word_1_29' title='bbox 831 1116 1008 1181; x_wconf 84' lang='lat' dir='ltr'><strong>Galfridns</strong></span> <span class='ocrx_word' id='word_1_30' title='bbox 1030 1114 1139 1177; x_wconf 86' lang='lat' dir='ltr'><strong>iilius-</strong></span> <span class='ocrx_word' id='word_1_31' title='bbox 1142 1112 1239 1176; x_wconf 90' lang='lat' dir='ltr'><strong>Petri</strong></span> <span class='ocrx_word' id='word_1_32' title='bbox 1261 1118 1295 1173; x_wconf 89' lang='lat' dir='ltr'><strong>et</strong></span> 
     </span>
     <span class='ocr_line' id='line_1_7' title="bbox 347 1213 1296 1332; baseline -0.009 -51"><span class='ocrx_word' id='word_1_33' title='bbox 347 1219 532 1332; x_wconf 80' lang='lat' dir='ltr'><strong>episcopus</strong></span> <span class='ocrx_word' id='word_1_34' title='bbox 563 1216 815 1282; x_wconf 79' lang='lat' dir='ltr'><strong>wintoniensis</strong></span> <span class='ocrx_word' id='word_1_35' title='bbox 854 1235 932 1281; x_wconf 93' lang='lat' dir='ltr'><strong>cum</strong></span> <span class='ocrx_word' id='word_1_36' title='bbox 966 1213 1227 1295; x_wconf 79' lang='lat' dir='ltr'><strong>archiepiscopo</strong></span> <span class='ocrx_word' id='word_1_37' title='bbox 1261 1216 1296 1273; x_wconf 89' lang='lat' dir='ltr'><strong>et</strong></span> 
     </span>
     <span class='ocr_line' id='line_1_8' title="bbox 348 1311 1295 1399; baseline -0.01 -19"><span class='ocrx_word' id='word_1_38' title='bbox 348 1317 521 1399; x_wconf 86' lang='lat' dir='ltr'><strong>episcopis</strong></span> <span class='ocrx_word' id='word_1_39' title='bbox 542 1324 578 1380; x_wconf 91' lang='lat' dir='ltr'><strong>et</strong></span> <span class='ocrx_word' id='word_1_40' title='bbox 598 1316 817 1398; x_wconf 87' lang='lat' dir='ltr'><strong>magnatibus</strong></span> <span class='ocrx_word' id='word_1_41' title='bbox 840 1315 950 1397; x_wconf 86' lang='lat' dir='ltr'><strong>regni,</strong></span> <span class='ocrx_word' id='word_1_42' title='bbox 972 1314 1031 1377; x_wconf 91' lang='lat' dir='ltr'><strong>ubi</strong></span> <span class='ocrx_word' id='word_1_43' title='bbox 1055 1311 1190 1377; x_wconf 89' lang='lat' dir='ltr'><strong>cunctis</strong></span> <span class='ocrx_word' id='word_1_44' title='bbox 1212 1327 1295 1391; x_wconf 82' lang='lat' dir='ltr'><strong>paca</strong></span> 
     </span>
     <span class='ocr_line' id='line_1_9' title="bbox 350 1408 1298 1499; baseline -0.007 -21"><span class='ocrx_word' id='word_1_45' title='bbox 350 1417 441 1497; x_wconf 81' lang='lat' dir='ltr'><strong>regis</strong></span> <span class='ocrx_word' id='word_1_46' title='bbox 461 1416 676 1494; x_wconf 87' lang='lat' dir='ltr'><strong>denuntiata,</strong></span> <span class='ocrx_word' id='word_1_47' title='bbox 694 1435 736 1480; x_wconf 84' lang='lat' dir='ltr'><strong>ex</strong></span> <span class='ocrx_word' id='word_1_48' title='bbox 755 1415 910 1499; x_wconf 85' lang='lat' dir='ltr'><strong>ejusdem</strong></span> <span class='ocrx_word' id='word_1_49' title='bbox 930 1414 1022 1495; x_wconf 85' lang='lat' dir='ltr'><strong>regis</strong></span> <span class='ocrx_word' id='word_1_50' title='bbox 1039 1418 1139 1495; x_wconf 82' lang='lat' dir='ltr'><strong>parte</strong></span> <span class='ocrx_word' id='word_1_51' title='bbox 1156 1408 1298 1472; x_wconf 89' lang='lat' dir='ltr'><strong>firmiter</strong></span> 
     </span>
     <span class='ocr_line' id='line_1_10' title="bbox 349 1507 1295 1598; baseline -0.011 -18"><span class='ocrx_word' id='word_1_52' title='bbox 349 1523 561 1598; x_wconf 88' lang='lat' dir='ltr'><strong>praeceptum</strong></span> <span class='ocrx_word' id='word_1_53' title='bbox 583 1523 648 1593; x_wconf 88' lang='lat' dir='ltr'><strong>est,</strong></span> <span class='ocrx_word' id='word_1_54' title='bbox 674 1521 845 1598; x_wconf 88' lang='lat' dir='ltr'><strong>quatenus</strong></span> <span class='ocrx_word' id='word_1_55' title='bbox 872 1514 966 1595; x_wconf 85' lang='lat' dir='ltr'><strong>leges</strong></span> <span class='ocrx_word' id='word_1_56' title='bbox 989 1510 1134 1575; x_wconf 89' lang='lat' dir='ltr'><strong>Henrici</strong></span> <span class='ocrx_word' id='word_1_57' title='bbox 1159 1509 1217 1573; x_wconf 79' lang='lat' dir='ltr'><strong>avi</strong></span> <span class='ocrx_word' id='word_1_58' title='bbox 1244 1507 1295 1570; x_wconf 87' lang='lat' dir='ltr'><strong>sui</strong></span> 
     </span>
     <span class='ocr_line' id='line_1_11' title="bbox 351 1613 1297 1695; baseline -0.008 -18"><span class='ocrx_word' id='word_1_59' title='bbox 351 1615 396 1677; x_wconf 93' lang='lat' dir='ltr'><strong>ab</strong></span> <span class='ocrx_word' id='word_1_60' title='bbox 426 1616 585 1679; x_wconf 90' lang='lat' dir='ltr'><strong>omnibus</strong></span> <span class='ocrx_word' id='word_1_61' title='bbox 620 1615 657 1677; x_wconf 87' lang='lat' dir='ltr'><strong>iu</strong></span> <span class='ocrx_word' id='word_1_62' title='bbox 689 1632 797 1695; x_wconf 88' lang='lat' dir='ltr'><strong>regno</strong></span> <span class='ocrx_word' id='word_1_63' title='bbox 829 1613 1086 1677; x_wconf 82' lang='lat' dir='ltr'><strong>custodirentur</strong></span> <span class='ocrx_word' id='word_1_64' title='bbox 1115 1616 1151 1672; x_wconf 89' lang='lat' dir='ltr'><strong>et</strong></span> <span class='ocrx_word' id='word_1_65' title='bbox 1182 1624 1297 1672; x_wconf 88' lang='lat' dir='ltr'><strong>omnes</strong></span> 
     </span>
     <span class='ocr_line' id='line_1_12' title="bbox 351 1708 1297 1797; baseline -0.007 -22"><span class='ocrx_word' id='word_1_66' title='bbox 351 1713 447 1794; x_wconf 87' lang='lat' dir='ltr'><strong>leges</strong></span> <span class='ocrx_word' id='word_1_67' title='bbox 472 1714 600 1797; x_wconf 70' lang='lat' dir='ltr'><strong>iniquae</strong></span> <span class='ocrx_word' id='word_1_68' title='bbox 626 1713 764 1796; x_wconf 91' lang='lat' dir='ltr'><strong>penitus</strong></span> <span class='ocrx_word' id='word_1_69' title='bbox 790 1719 1024 1789; x_wconf 81' lang='lat' dir='ltr'><strong>enerventur3</strong></span> <span class='ocrx_word' id='word_1_70' title='bbox 1057 1708 1297 1772; x_wconf 89' lang='lat' dir='ltr'><strong>denuntiatum</strong></span> 
     </span>
     <span class='ocr_line' id='line_1_13' title="bbox 352 1806 1297 1894; baseline -0.007 -19"><span class='ocrx_word' id='word_1_71' title='bbox 352 1819 406 1875; x_wconf 90' lang='lat' dir='ltr'><strong>est</strong></span> <span class='ocrx_word' id='word_1_72' title='bbox 431 1821 600 1894; x_wconf 86' lang='lat' dir='ltr'><strong>praeteraa</strong></span> <span class='ocrx_word' id='word_1_73' title='bbox 626 1813 898 1887; x_wconf 87' lang='lat' dir='ltr'><strong>vicecomitibus,</strong></span> <span class='ocrx_word' id='word_1_74' title='bbox 927 1809 1129 1885; x_wconf 80' lang='lat' dir='ltr'><strong>forestariis,</strong></span> <span class='ocrx_word' id='word_1_75' title='bbox 1152 1806 1297 1887; x_wconf 82' lang='lat' dir='ltr'><strong>aliisque</strong></span> 
     </span>
     <span class='ocr_line' id='line_1_14' title="bbox 352 1904 1297 1994; baseline -0.008 -20"><span class='ocrx_word' id='word_1_76' title='bbox 352 1912 519 1976; x_wconf 89' lang='lat' dir='ltr'><strong>ministris</strong></span> <span class='ocrx_word' id='word_1_77' title='bbox 541 1913 644 1994; x_wconf 87' lang='lat' dir='ltr'><strong>regis,</strong></span> <span class='ocrx_word' id='word_1_78' title='bbox 667 1913 757 1976; x_wconf 89' lang='lat' dir='ltr'><strong>sicut</strong></span> <span class='ocrx_word' id='word_1_79' title='bbox 779 1912 886 1976; x_wconf 83' lang='lat' dir='ltr'><strong>vitam</strong></span> <span class='ocrx_word' id='word_1_80' title='bbox 908 1917 943 1974; x_wconf 86' lang='lat' dir='ltr'><strong>ct</strong></span> <span class='ocrx_word' id='word_1_81' title='bbox 961 1909 1113 1972; x_wconf 88' lang='lat' dir='ltr'><strong>membra</strong></span> <span class='ocrx_word' id='word_1_82' title='bbox 1135 1925 1201 1969; x_wconf 90' lang='lat' dir='ltr'><strong>sua</strong></span> <span class='ocrx_word' id='word_1_83' title='bbox 1222 1904 1297 1968; x_wconf 91' lang='lat' dir='ltr'><strong>dili-</strong></span> 
     </span>
     <span class='ocr_line' id='line_1_15' title="bbox 353 2007 1297 2092; baseline -0.008 -19"><span class='ocrx_word' id='word_1_84' title='bbox 353 2018 453 2090; x_wconf 85' lang='lat' dir='ltr'><strong>gunt,</strong></span> <span class='ocrx_word' id='word_1_85' title='bbox 479 2030 521 2074; x_wconf 88' lang='lat' dir='ltr'><strong>ne</strong></span> <span class='ocrx_word' id='word_1_86' title='bbox 555 2030 577 2075; x_wconf 91' lang='lat' dir='ltr'><strong>a</strong></span> <span class='ocrx_word' id='word_1_87' title='bbox 606 2030 781 2092; x_wconf 91' lang='lat' dir='ltr'><strong>quoquam</strong></span> <span class='ocrx_word' id='word_1_88' title='bbox 816 2009 945 2092; x_wconf 88' lang='lat' dir='ltr'><strong>aliquid</strong></span> <span class='ocrx_word' id='word_1_89' title='bbox 977 2007 1147 2072; x_wconf 88' lang='lat' dir='ltr'><strong>violenter</strong></span> <span class='ocrx_word' id='word_1_90' title='bbox 1182 2011 1297 2068; x_wconf 86' lang='lat' dir='ltr'><strong>extor-</strong></span> 
     </span>
     <span class='ocr_line' id='line_1_16' title="bbox 352 2109 1298 2193; baseline -0.004 -23"><span class='ocrx_word' id='word_1_91' title='bbox 352 2109 569 2190; x_wconf 89' lang='lat' dir='ltr'><strong>queant,ch</strong></span> <span class='ocrx_word' id='word_1_92' title='bbox 589 2109 693 2173; x_wconf 90' lang='lat' dir='ltr'><strong>alicui</strong></span> <span class='ocrx_word' id='word_1_93' title='bbox 715 2110 877 2193; x_wconf 90' lang='lat' dir='ltr'><strong>injuriam</strong></span> <span class='ocrx_word' id='word_1_94' title='bbox 898 2110 1053 2188; x_wconf 82' lang='lat' dir='ltr'><strong>irrogare</strong></span> <span class='ocrx_word' id='word_1_95' title='bbox 1073 2110 1298 2188; x_wconf 62' lang='lat' dir='ltr'><strong>praesumant,</strong></span> 
     </span>
     <span class='ocr_line' id='line_1_17' title="bbox 353 2202 1298 2290; baseline -0.005 -21"><span class='ocrx_word' id='word_1_96' title='bbox 353 2215 415 2269; x_wconf 90' lang='lat' dir='ltr'><strong>aut</strong></span> <span class='ocrx_word' id='word_1_97' title='bbox 431 2206 578 2271; x_wconf 86' lang='lat' dir='ltr'><strong>scotalla</strong></span> <span class='ocrx_word' id='word_1_98' title='bbox 595 2208 722 2271; x_wconf 88' lang='lat' dir='ltr'><strong>alicubi</strong></span> <span class='ocrx_word' id='word_1_99' title='bbox 740 2210 777 2271; x_wconf 91' lang='lat' dir='ltr'><strong>in</strong></span> <span class='ocrx_word' id='word_1_100' title='bbox 794 2227 901 2290; x_wconf 87' lang='lat' dir='ltr'><strong>regno</strong></span> <span class='ocrx_word' id='word_1_101' title='bbox 920 2207 1061 2281; x_wconf 83' lang='lat' dir='ltr'><strong>saciant,</strong></span> <span class='ocrx_word' id='word_1_102' title='bbox 1077 2206 1171 2269; x_wconf 86' lang='lat' dir='ltr'><strong>sicut</strong></span> <span class='ocrx_word' id='word_1_103' title='bbox 1186 2202 1298 2266; x_wconf 84' lang='lat' dir='ltr'><strong>facere</strong></span> 
     </span>
     <span class='ocr_line' id='line_1_18' title="bbox 353 2305 1299 2380; baseline -0.003 -13"><span class='ocrx_word' id='word_1_104' title='bbox 353 2312 619 2369; x_wconf 87' lang='lat' dir='ltr'><strong>consueverunt.</strong></span> <span class='ocrx_word' id='word_1_105' title='bbox 681 2305 761 2370; x_wconf 87' lang='lat' dir='ltr'><strong>Rex</strong></span> <span class='ocrx_word' id='word_1_106' title='bbox 786 2326 869 2372; x_wconf 88' lang='lat' dir='ltr'><strong>vero</strong></span> <span class='ocrx_word' id='word_1_107' title='bbox 892 2306 916 2370; x_wconf 85' lang='lat' dir='ltr'>J</span> <span class='ocrx_word' id='word_1_108' title='bbox 919 2306 1084 2380; x_wconf 84' lang='lat' dir='ltr'><strong>ohannes,</strong></span> <span class='ocrx_word' id='word_1_109' title='bbox 1113 2323 1191 2368; x_wconf 91' lang='lat' dir='ltr'><strong>cum</strong></span> <span class='ocrx_word' id='word_1_110' title='bbox 1215 2321 1253 2365; x_wconf 88' lang='lat' dir='ltr'><strong>se</strong></span> <span class='ocrx_word' id='word_1_111' title='bbox 1278 2319 1299 2364; x_wconf 88' lang='lat' dir='ltr'><strong>a</strong></span> 
     </span>
     <span class='ocr_line' id='line_1_19' title="bbox 354 2404 1299 2487; baseline -0.005 -20"><span class='ocrx_word' id='word_1_112' title='bbox 354 2404 559 2486; x_wconf 88' lang='lat' dir='ltr'><strong>quibusdam</strong></span> <span class='ocrx_word' id='word_1_113' title='bbox 586 2407 821 2486; x_wconf 89' lang='lat' dir='ltr'><strong>magnatibus,</strong></span> <span class='ocrx_word' id='word_1_114' title='bbox 842 2413 883 2469; x_wconf 89' lang='lat' dir='ltr'><strong>nt</strong></span> <span class='ocrx_word' id='word_1_115' title='bbox 903 2405 1104 2487; x_wconf 86' lang='lat' dir='ltr'><strong>praedictum</strong></span> <span class='ocrx_word' id='word_1_116' title='bbox 1125 2413 1192 2477; x_wconf 88' lang='lat' dir='ltr'><strong>cst,</strong></span> <span class='ocrx_word' id='word_1_117' title='bbox 1220 2417 1299 2483; x_wconf 89' lang='lat' dir='ltr'><strong>qua·</strong></span> 
     </span>
     <span class='ocr_line' id='line_1_20' title="bbox 354 2500 1300 2586; baseline -0.005 -19"><span class='ocrx_word' id='word_1_118' title='bbox 354 2504 384 2567; x_wconf 91' lang='lat' dir='ltr'><strong>si</strong></span> <span class='ocrx_word' id='word_1_119' title='bbox 405 2503 605 2568; x_wconf 85' lang='lat' dir='ltr'><strong>derelictum</strong></span> <span class='ocrx_word' id='word_1_120' title='bbox 633 2505 865 2586; x_wconf 81' lang='lat' dir='ltr'><strong>cognovisset,</strong></span> <span class='ocrx_word' id='word_1_121' title='bbox 889 2522 1053 2585; x_wconf 85' lang='lat' dir='ltr'><strong>magnum</strong></span> <span class='ocrx_word' id='word_1_122' title='bbox 1075 2500 1300 2582; x_wconf 82' lang='lat' dir='ltr'><strong>congregavit</strong></span> 
     </span>
     <span class='ocr_line' id='line_1_21' title="bbox 354 2599 1301 2682; baseline -0.007 -15"><span class='ocrx_word' id='word_1_123' title='bbox 354 2604 557 2680; x_wconf 85' lang='lat' dir='ltr'><strong>exercitum,</strong></span> <span class='ocrx_word' id='word_1_124' title='bbox 578 2610 618 2667; x_wconf 89' lang='lat' dir='ltr'><strong>nt</strong></span> <span class='ocrx_word' id='word_1_125' title='bbox 638 2604 783 2668; x_wconf 86' lang='lat' dir='ltr'><strong>rebelles</strong></span> <span class='ocrx_word' id='word_1_126' title='bbox 807 2604 850 2667; x_wconf 88' lang='lat' dir='ltr'><strong>ad</strong></span> <span class='ocrx_word' id='word_1_127' title='bbox 875 2610 1079 2668; x_wconf 87' lang='lat' dir='ltr'><strong>consuetum</strong></span> <span class='ocrx_word' id='word_1_128' title='bbox 1101 2599 1301 2682; x_wconf 88' lang='lat' dir='ltr'><strong>obsequium</strong></span> 
     </span>
     <span class='ocr_line' id='line_1_22' title="bbox 355 2699 1301 2785; baseline -0.006 -20"><span class='ocrx_word' id='word_1_129' title='bbox 355 2712 561 2781; x_wconf 86' lang='lat' dir='ltr'><strong>revocaret;</strong></span> <span class='ocrx_word' id='word_1_130' title='bbox 602 2722 748 2785; x_wconf 87' lang='lat' dir='ltr'><strong>cumque</strong></span> <span class='ocrx_word' id='word_1_131' title='bbox 787 2721 884 2767; x_wconf 88' lang='lat' dir='ltr'><strong>arma</strong></span> <span class='ocrx_word' id='word_1_132' title='bbox 924 2721 1062 2767; x_wconf 87' lang='lat' dir='ltr'><strong>movere</strong></span> <span class='ocrx_word' id='word_1_133' title='bbox 1103 2699 1301 2781; x_wconf 88' lang='lat' dir='ltr'><strong>incepisset,</strong></span> 
     </span>
     <span class='ocr_line' id='line_1_23' title="bbox 356 2799 1302 2885; baseline -0.004 -22"><span class='ocrx_word' id='word_1_134' title='bbox 356 2802 450 2865; x_wconf 86' lang='lat' dir='ltr'><strong>venit</strong></span> <span class='ocrx_word' id='word_1_135' title='bbox 470 2801 514 2864; x_wconf 92' lang='lat' dir='ltr'><strong>ad</strong></span> <span class='ocrx_word' id='word_1_136' title='bbox 536 2822 615 2865; x_wconf 89' lang='lat' dir='ltr'><strong>eum</strong></span> <span class='ocrx_word' id='word_1_137' title='bbox 640 2802 918 2885; x_wconf 88' lang='lat' dir='ltr'><strong>archiepiscopus</strong></span> <span class='ocrx_word' id='word_1_138' title='bbox 940 2800 1033 2884; x_wconf 88' lang='lat' dir='ltr'><strong>apud</strong></span> <span class='ocrx_word' id='word_1_139' title='bbox 1055 2799 1302 2879; x_wconf 88' lang='lat' dir='ltr'><strong>Northampto·</strong></span> 
     </span>
     <span class='ocr_line' id='line_1_24' title="bbox 356 2894 1302 2983; baseline -0.004 -22"><span class='ocrx_word' id='word_1_140' title='bbox 356 2920 449 2975; x_wconf 89' lang='lat' dir='ltr'><strong>nam,</strong></span> <span class='ocrx_word' id='word_1_141' title='bbox 477 2894 622 2978; x_wconf 88' lang='lat' dir='ltr'><strong>¹diccns,</strong></span> <span class='ocrx_word' id='word_1_142' title='bbox 646 2901 828 2983; x_wconf 90' lang='lat' dir='ltr'><strong>plurimum</strong></span> <span class='ocrx_word' id='word_1_143' title='bbox 860 2902 895 2964; x_wconf 93' lang='lat' dir='ltr'><strong>in</strong></span> <span class='ocrx_word' id='word_1_144' title='bbox 918 2900 1079 2983; x_wconf 88' lang='lat' dir='ltr'><strong>injuriam</strong></span> <span class='ocrx_word' id='word_1_145' title='bbox 1105 2899 1161 2961; x_wconf 90' lang='lat' dir='ltr'><strong>sui</strong></span> <span class='ocrx_word' id='word_1_146' title='bbox 1188 2914 1302 2960; x_wconf 89' lang='lat' dir='ltr'><strong>sacra·</strong></span> 
     </span>
     <span class='ocr_line' id='line_1_25' title="bbox 357 2997 1303 3080; baseline -0.002 -21"><span class='ocrx_word' id='word_1_147' title='bbox 357 2997 475 3072; x_wconf 90' lang='lat' dir='ltr'><strong>menti,</strong></span> <span class='ocrx_word' id='word_1_148' title='bbox 498 2999 589 3079; x_wconf 90' lang='lat' dir='ltr'><strong>quod</strong></span> <span class='ocrx_word' id='word_1_149' title='bbox 613 3001 648 3062; x_wconf 93' lang='lat' dir='ltr'><strong>in</strong></span> <span class='ocrx_word' id='word_1_150' title='bbox 673 3001 889 3064; x_wconf 92' lang='lat' dir='ltr'><strong>absolutione</strong></span> <span class='ocrx_word' id='word_1_151' title='bbox 912 3018 977 3063; x_wconf 91' lang='lat' dir='ltr'><strong>sua</strong></span> <span class='ocrx_word' id='word_1_152' title='bbox 1005 2999 1229 3080; x_wconf 76' lang='lat' dir='ltr'><strong>praestiterat,</strong></span> <span class='ocrx_word' id='word_1_153' title='bbox 1253 3014 1303 3057; x_wconf 90' lang='lat' dir='ltr'><strong>re·</strong></span> 
     </span>
     <span class='ocr_line' id='line_1_26' title="bbox 357 3096 1303 3182; baseline -0.002 -24"><span class='ocrx_word' id='word_1_154' title='bbox 357 3096 522 3172; x_wconf 89' lang='lat' dir='ltr'><strong>dundare,</strong></span> <span class='ocrx_word' id='word_1_155' title='bbox 553 3098 582 3160; x_wconf 90' lang='lat' dir='ltr'><strong>si</strong></span> <span class='ocrx_word' id='word_1_156' title='bbox 617 3099 748 3181; x_wconf 87' lang='lat' dir='ltr'><strong>absque</strong></span> <span class='ocrx_word' id='word_1_157' title='bbox 771 3098 904 3182; x_wconf 90' lang='lat' dir='ltr'><strong>judicio</strong></span> <span class='ocrx_word' id='word_1_158' title='bbox 937 3099 1042 3162; x_wconf 87' lang='lat' dir='ltr'><strong>curiae</strong></span> <span class='ocrx_word' id='word_1_159' title='bbox 1078 3116 1151 3160; x_wconf 85' lang='lat' dir='ltr'><strong>suae</strong></span> <span class='ocrx_word' id='word_1_160' title='bbox 1183 3102 1303 3158; x_wconf 92' lang='lat' dir='ltr'><strong>contra</strong></span> 
     </span>
     <span class='ocr_line' id='line_1_27' title="bbox 357 3194 1302 3280; baseline -0.001 -24"><span class='ocrx_word' id='word_1_161' title='bbox 357 3194 552 3276; x_wconf 91' lang='lat' dir='ltr'><strong>quempiam</strong></span> <span class='ocrx_word' id='word_1_162' title='bbox 586 3196 711 3260; x_wconf 89' lang='lat' dir='ltr'><strong>bellurn</strong></span> <span class='ocrx_word' id='word_1_163' title='bbox 743 3197 898 3276; x_wconf 80' lang='lat' dir='ltr'><strong>faceret3</strong></span> <span class='ocrx_word' id='word_1_164' title='bbox 939 3196 1031 3280; x_wconf 93' lang='lat' dir='ltr'><strong>quod</strong></span> <span class='ocrx_word' id='word_1_165' title='bbox 1065 3196 1209 3259; x_wconf 80' lang='lat' dir='ltr'><strong>audiens</strong></span> <span class='ocrx_word' id='word_1_166' title='bbox 1242 3211 1302 3256; x_wconf 87' lang='lat' dir='ltr'><strong>rex</strong></span> 
     </span>
     <span class='ocr_line' id='line_1_28' title="bbox 357 3294 1302 3378; baseline 0 -22"><span class='ocrx_word' id='word_1_167' title='bbox 357 3312 434 3356; x_wconf 90' lang='lat' dir='ltr'><strong>cum</strong></span> <span class='ocrx_word' id='word_1_168' title='bbox 450 3294 584 3374; x_wconf 87' lang='lat' dir='ltr'><strong>ingenti</strong></span> <span class='ocrx_word' id='word_1_169' title='bbox 601 3297 748 3378; x_wconf 90' lang='lat' dir='ltr'><strong>strepitu</strong></span> <span class='ocrx_word' id='word_1_170' title='bbox 766 3297 856 3361; x_wconf 77' lang='lat' dir='ltr'><strong>dixit</strong></span> <span class='ocrx_word' id='word_1_171' title='bbox 873 3316 911 3360; x_wconf 87' lang='lat' dir='ltr'><strong>se</strong></span> <span class='ocrx_word' id='word_1_172' title='bbox 928 3295 1026 3377; x_wconf 85' lang='lat' dir='ltr'><strong>regni</strong></span> <span class='ocrx_word' id='word_1_173' title='bbox 1046 3295 1187 3376; x_wconf 89' lang='lat' dir='ltr'><strong>negotia</strong></span> <span class='ocrx_word' id='word_1_174' title='bbox 1202 3312 1302 3375; x_wconf 86' lang='lat' dir='ltr'><strong>prop</strong></span> 
     </span>
     <span class='ocr_line' id='line_1_29' title="bbox 358 3391 1303 3477; baseline -0.003 -21"><span class='ocrx_word' id='word_1_175' title='bbox 358 3400 411 3456; x_wconf 86' lang='lat' dir='ltr'><strong>tar</strong></span> <span class='ocrx_word' id='word_1_176' title='bbox 433 3393 727 3477; x_wconf 89' lang='lat' dir='ltr'><strong>archiepiscopum</strong></span> <span class='ocrx_word' id='word_1_177' title='bbox 747 3415 817 3459; x_wconf 89' lang='lat' dir='ltr'><strong>non</strong></span> <span class='ocrx_word' id='word_1_178' title='bbox 839 3396 986 3472; x_wconf 83' lang='lat' dir='ltr'><strong>differre,</strong></span> <span class='ocrx_word' id='word_1_179' title='bbox 1005 3414 1083 3459; x_wconf 93' lang='lat' dir='ltr'><strong>cum</strong></span> <span class='ocrx_word' id='word_1_180' title='bbox 1105 3393 1196 3457; x_wconf 88' lang='lat' dir='ltr'><strong>laica</strong></span> <span class='ocrx_word' id='word_1_181' title='bbox 1211 3391 1303 3476; x_wconf 82' lang='lat' dir='ltr'><strong>jndi-</strong></span> 
     </span>
     <span class='ocr_line' id='line_1_30' title="bbox 357 3492 1302 3575; baseline -0.003 -20"><span class='ocrx_word' id='word_1_182' title='bbox 357 3493 411 3556; x_wconf 91' lang='lat' dir='ltr'><strong>cia</strong></span> <span class='ocrx_word' id='word_1_183' title='bbox 428 3492 470 3555; x_wconf 90' lang='lat' dir='ltr'><strong>ad</strong></span> <span class='ocrx_word' id='word_1_184' title='bbox 489 3494 601 3575; x_wconf 85' lang='lat' dir='ltr'><strong>ipsum</strong></span> <span class='ocrx_word' id='word_1_185' title='bbox 618 3513 687 3556; x_wconf 92' lang='lat' dir='ltr'><strong>non</strong></span> <span class='ocrx_word' id='word_1_186' title='bbox 706 3496 914 3575; x_wconf 90' lang='lat' dir='ltr'><strong>pertineant.</strong></span> <span class='ocrx_word' id='word_1_187' title='bbox 960 3494 1002 3556; x_wconf 93' lang='lat' dir='ltr'><strong>In</strong></span> <span class='ocrx_word' id='word_1_188' title='bbox 1018 3494 1171 3557; x_wconf 85' lang='lat' dir='ltr'><strong>crastino</strong></span> <span class='ocrx_word' id='word_1_189' title='bbox 1189 3500 1302 3555; x_wconf 88' lang='lat' dir='ltr'><strong>autem</strong></span> 
     </span>
     <span class='ocr_line' id='line_1_31' title="bbox 357 3592 1302 3675; baseline -0.002 -22"><span class='ocrx_word' id='word_1_190' title='bbox 357 3610 492 3656; x_wconf 83' lang='lat' dir='ltr'><strong>summo</strong></span> <span class='ocrx_word' id='word_1_191' title='bbox 513 3592 664 3657; x_wconf 90' lang='lat' dir='ltr'><strong>diluculo</strong></span> <span class='ocrx_word' id='word_1_192' title='bbox 686 3594 754 3656; x_wconf 93' lang='lat' dir='ltr'><strong>iter</strong></span> <span class='ocrx_word' id='word_1_193' title='bbox 772 3592 977 3657; x_wconf 83' lang='lat' dir='ltr'><strong>furibundus</strong></span> <span class='ocrx_word' id='word_1_194' title='bbox 997 3593 1166 3675; x_wconf 87' lang='lat' dir='ltr'><strong>arripiens</strong></span> <span class='ocrx_word' id='word_1_195' title='bbox 1184 3607 1302 3654; x_wconf 88' lang='lat' dir='ltr'><strong>versus</strong></span> 
     </span>
     <span class='ocr_line' id='line_1_32' title="bbox 359 3690 1303 3773; baseline -0.002 -20"><span class='ocrx_word' id='word_1_196' title='bbox 359 3690 573 3771; x_wconf 85' lang='lat' dir='ltr'><strong>Notingham</strong></span> <span class='ocrx_word' id='word_1_197' title='bbox 602 3693 822 3773; x_wconf 89' lang='lat' dir='ltr'><strong>properavit;</strong></span> <span class='ocrx_word' id='word_1_198' title='bbox 846 3699 986 3756; x_wconf 88' lang='lat' dir='ltr'><strong>secutus</strong></span> <span class='ocrx_word' id='word_1_199' title='bbox 1014 3700 1068 3756; x_wconf 89' lang='lat' dir='ltr'><strong>est</strong></span> <span class='ocrx_word' id='word_1_200' title='bbox 1093 3708 1303 3773; x_wconf 85' lang='lat' dir='ltr'><strong>quoquere·</strong></span> 
     </span>
     <span class='ocr_line' id='line_1_33' title="bbox 357 3787 1303 3873; baseline -0.004 -21"><span class='ocrx_word' id='word_1_201' title='bbox 357 3809 434 3870; x_wconf 87' lang='lat' dir='ltr'><strong>gem</strong></span> <span class='ocrx_word' id='word_1_202' title='bbox 457 3790 736 3873; x_wconf 88' lang='lat' dir='ltr'><strong>archiepiscopus</strong></span> <span class='ocrx_word' id='word_1_203' title='bbox 761 3800 970 3856; x_wconf 85' lang='lat' dir='ltr'><strong>memoratus</strong></span> <span class='ocrx_word' id='word_1_204' title='bbox 992 3798 1194 3854; x_wconf 84' lang='lat' dir='ltr'><strong>constanter</strong></span> <span class='ocrx_word' id='word_1_205' title='bbox 1214 3787 1303 3852; x_wconf 90' lang='lat' dir='ltr'><strong>affir-</strong></span> 
     </span>
     <span class='ocr_line' id='line_1_34' title="bbox 357 3890 1303 3973; baseline 0 -23"><span class='ocrx_word' id='word_1_206' title='bbox 357 3908 468 3966; x_wconf 89' lang='lat' dir='ltr'><strong>mans,</strong></span> <span class='ocrx_word' id='word_1_207' title='bbox 493 3890 598 3971; x_wconf 92' lang='lat' dir='ltr'><strong>quod,</strong></span> <span class='ocrx_word' id='word_1_208' title='bbox 625 3890 691 3952; x_wconf 91' lang='lat' dir='ltr'><strong>nisi</strong></span> <span class='ocrx_word' id='word_1_209' title='bbox 722 3891 766 3954; x_wconf 91' lang='lat' dir='ltr'><strong>ab</strong></span> <span class='ocrx_word' id='word_1_210' title='bbox 796 3891 957 3973; x_wconf 88' lang='lat' dir='ltr'><strong>incoeptis</strong></span> <span class='ocrx_word' id='word_1_211' title='bbox 986 3891 1132 3955; x_wconf 86' lang='lat' dir='ltr'><strong>celerius</strong></span> <span class='ocrx_word' id='word_1_212' title='bbox 1162 3890 1303 3953; x_wconf 84' lang='lat' dir='ltr'><strong>desiste·</strong></span> 
     </span>
     <span class='ocr_line' id='line_1_35' title="bbox 358 3988 1303 4073; baseline 0.001 -25"><span class='ocrx_word' id='word_1_213' title='bbox 358 3995 422 4063; x_wconf 85' lang='lat' dir='ltr'><strong>rat,</strong></span> <span class='ocrx_word' id='word_1_214' title='bbox 449 4008 578 4066; x_wconf 77' lang='lat' dir='ltr'><strong>omneS,</strong></span> <span class='ocrx_word' id='word_1_215' title='bbox 606 3990 666 4069; x_wconf 92' lang='lat' dir='ltr'><strong>qui</strong></span> <span class='ocrx_word' id='word_1_216' title='bbox 690 4009 811 4053; x_wconf 89' lang='lat' dir='ltr'><strong>versus</strong></span> <span class='ocrx_word' id='word_1_217' title='bbox 839 3991 1036 4073; x_wconf 88' lang='lat' dir='ltr'><strong>quempiam</strong></span> <span class='ocrx_word' id='word_1_218' title='bbox 1059 3997 1141 4053; x_wconf 89' lang='lat' dir='ltr'><strong>ante</strong></span> <span class='ocrx_word' id='word_1_219' title='bbox 1170 3988 1303 4052; x_wconf 84' lang='lat' dir='ltr'><strong>relaxa-</strong></span> 
     </span>
    </p>
   </div>
   <div class='ocr_carea' id='block_1_5' title="bbox 393 4162 1259 4232">
    <p class='ocr_par' dir='ltr' id='par_1_5' title="bbox 393 4162 1259 4232">
     <span class='ocr_line' id='line_1_36' title="bbox 393 4162 1259 4232; baseline 0.002 -19"><span class='ocrx_word' id='word_1_220' title='bbox 393 4162 399 4190; x_wconf 90' lang='lat'><strong>¹</strong></span> <span class='ocrx_word' id='word_1_221' title='bbox 410 4164 523 4229; x_wconf 75' lang='lat' dir='ltr'><strong>Diceae]</strong></span> <span class='ocrx_word' id='word_1_222' title='bbox 541 4167 547 4193; x_wconf 80' lang='grc'><em>“</em></span> <span class='ocrx_word' id='word_1_223' title='bbox 560 4166 625 4214; x_wconf 85' lang='grc' dir='ltr'><strong>Ειιιιι</strong></span> <span class='ocrx_word' id='word_1_224' title='bbox 638 4168 819 4218; x_wconf 78' lang='lat' dir='ltr'><strong>rationabiliter</strong></span> <span class='ocrx_word' id='word_1_225' title='bbox 830 4184 939 4232; x_wconf 84' lang='lat' dir='ltr'><strong>arguens</strong></span> <span class='ocrx_word' id='word_1_226' title='bbox 948 4164 965 4228; x_wconf 68' lang='grc' dir='ltr'><strong>ς’</strong></span> <span class='ocrx_word' id='word_1_227' title='bbox 985 4168 1153 4231; x_wconf 84' lang='lat' dir='ltr'><strong>Coggesbale‚</strong></span> <span class='ocrx_word' id='word_1_228' title='bbox 1164 4183 1190 4229; x_wconf 94' lang='lat' dir='ltr'><strong>p.</strong></span> <span class='ocrx_word' id='word_1_229' title='bbox 1205 4171 1259 4215; x_wconf 87' lang='grc'><strong>106.</strong></span> 
     </span>
    </p>
   </div>
   <div class='ocr_carea' id='block_1_6' title="bbox 0 0 1508 5016">
    <p class='ocr_par' dir='ltr' id='par_1_6' title="bbox 0 0 1508 5016">
     <span class='ocr_line' id='line_1_37' title="bbox 0 0 1508 5016; baseline 0 0"><span class='ocrx_word' id='word_1_230' title='bbox 0 0 1508 5016; x_wconf 95' lang='lat' dir='ltr'><strong> </strong></span> 
     </span>
    </p>
   </div>
  </div>
 </body>
</html>
