2970 5016
351 443 416 506 138
599 458 732 506 nouum
757 458 804 504 un
829 458 1036 504 wnrmovua

187 633 309 672 annm
349 615 505 679 chinone
527 622 562 678 et
584 614 627 678 de
648 615 798 678 Saumur
820 620 855 676 et
876 612 954 675 aliis
976 613 1128 676 castellis
1155 616 1220 677 sub
1248 615 1301 696 ip·

348 714 421 776 sius
449 712 607 776 custodia
631 711 834 794 deputatis3
863 711 1017 774 Thomas
1043 731 1126 775 vero
1146 711 1189 774 de
1212 712 1302 775 Fur-

348 813 435 887 neis,
446 830 552 893 nepos
567 813 674 892 ipsius
685 811 843 886 Roberti,
853 808 995 873 tradidit
1007 809 1173 884 Arthuro‚
1183 811 1302 874 comiti

350 910 553 985 Britanniae,
573 910 748 973 civitatem
766 907 969 989 Andegavis
990 915 1026 971 et
1047 908 1241 984 castellum,
1265 919 1301 973 et

348 1009 458 1072 eidem
481 1005 636 1071 Arthuro
664 1007 821 1071 adhaesit.
873 1006 1053 1088 Principes
1070 1004 1300 1087 Andagaviae,

348 1105 593 1170 Cenomanniae
617 1115 652 1169 et
669 1106 831 1169 Turoniae
852 1102 1008 1168 Arthnro
1028 1105 1119 1168 sicut
1136 1105 1219 1185 ligio
1237 1106 1300 1170 do-

349 1205 442 1267 mino
458 1204 689 1277 adhaeserunt,
707 1205 861 1267 dicentes
878 1202 1048 1286 judicium
1066 1222 1142 1266 esse
1165 1212 1200 1266 et
1216 1224 1300 1268 con-

349 1303 566 1366 suetudinem
591 1303 729 1365 illarum
754 1303 946 1384 regionum,
964 1310 1005 1364 ut
1021 1300 1209 1380 Arthurus,
1234 1303 1299 1366 lili·

347 1419 389 1464 us
413 1400 531 1464 fratris
554 1401 712 1477 senioris,
734 1401 770 1464 in
798 1401 1007 1481 patrimonio
1031 1400 1096 1463 sibi
1120 1401 1238 1464 debito
1264 1411 1298 1465 et

348 1498 548 1562 haereditate
584 1500 755 1562 avunculo
790 1497 965 1575 succedat,
996 1518 1098 1581 quem
1137 1499 1299 1563 videlicet

349 1596 551 1672 Gaufridus,
565 1607 665 1679 pater
675 1597 830 1680 ejusdem
843 1595 1000 1673 Arthuri,
1012 1606 1104 1660 esset
1116 1597 1298 1661 habiturus

350 1697 380 1758 si
407 1714 521 1776 regem
542 1695 754 1760 Richardum
774 1696 1036 1777 supervixisset.
1089 1694 1299 1760 Constantia

347 1802 528 1876 praterea,
559 1802 669 1857 mater
693 1793 850 1868 Arthuri,
871 1793 915 1856 ad
940 1813 1056 1874 regam
1083 1793 1298 1858 Francorum

347 1891 522 1956 'l'nronem
544 1894 685 1955 veniens
702 1891 846 1956 tradidit
863 1892 894 1955 ei
914 1891 1104 1955 Arthurum
1126 1911 1296 1957 memora·

347 1998 443 2067 tum;
466 2009 567 2071 quem
585 2010 647 2054 rex
667 1991 831 2054 continuo
849 1991 943 2053 misit
959 1990 1116 2053 Parisius
1137 1993 1202 2055 sub
1218 2011 1298 2055 cus·

347 2087 443 2151 todia
462 2088 678 2169 deputatum,
704 2096 740 2151 et
764 2089 898 2171 accepit
922 2089 956 2151 in
984 2108 1088 2151 manu
1120 2108 1185 2152 sna
1212 2091 1299 2153 civi-

347 2192 439 2248 tates
456 2205 575 2249 omnes
594 2193 629 2249 et
646 2187 790 2249 castella
809 2207 887 2269 quae
904 2186 1049 2250 Arthuri
1066 2196 1177 2251 eraut.
1229 2189 1298 2252 Sed

348 2282 528 2346 lohannes
558 2303 673 2348 comes
697 2291 732 2347 et
758 2293 870 2349 mater
891 2286 967 2368 ejus
995 2285 1116 2367 regina
1140 2283 1298 2364 Alienos,

245 2457 247 2461 y
348 2382 502 2445 exercitu
526 2383 667 2464 copioso
683 2383 815 2464 stipati,
833 2384 1101 2447 cenomanniam
1121 2385 1298 2448 venientes

347 2480 523 2543 civitatem
543 2488 579 2544 et
600 2480 781 2544 castellum
798 2491 975 2563 ceperunt,
994 2483 1116 2545 domos
1135 2484 1170 2545 in
1187 2501 1231 2546 ea
1245 2484 1298 2546 la-

347 2578 467 2661 pideas
495 2580 751 2655 subverterunt,
777 2599 819 2642 eo
848 2580 940 2662 quod
964 2580 1120 2644 Arthuro
1143 2581 1297 2644 adhaese·

347 2685 438 2753 rant,
461 2685 496 2740 et
523 2679 616 2740 cives
645 2678 804 2759 captivos
831 2677 1016 2742 educentes
1041 2680 1105 2742 sub
1132 2680 1297 2743 carcerali

345 2794 405 2839 eos
422 2775 580 2839 custodia
595 2776 821 2839 incluserunt.

377 2922 418 2986 Ut
433 2944 525 2987 contos
539 2922 696 2987 Jotannas
710 2923 857 2986 ducatum
872 2922 1078 2985 Normoomae
1090 2924 1263 3006 arsceparit.

396 3043 465 3106 His
492 3044 543 3105 ita
576 3044 696 3123 gestis,
726 3063 840 3106 comes
869 3042 1050 3107 Johannes
1082 3042 1149 3106 suit
1175 3044 1212 3107 in
1241 3045 1297 3109 die

240 3149 252 3187 t
346 3139 492 3203 Paschae
511 3141 546 3203 in
563 3139 770 3222 Andagavia
791 3143 883 3224 apud
904 3141 1073 3217 Bamsort,
1097 3150 1133 3204 et
1148 3143 1185 3204 in
1200 3162 1296 3206 cras·

346 3240 418 3302 tino
444 3239 536 3302 misit
565 3239 765 3303 Alienorum
794 3241 950 3320 reginam
977 3259 1055 3302 eum
1084 3239 1296 3305 Marchadeo

346 3336 390 3399 ad
405 3336 707 3418 andegavensium
730 3339 927 3416 civitatem3
950 3357 1020 3419 quo
1043 3337 1216 3402 hostiliter
1237 3360 1296 3403 ac·

345 3435 504 3499 cedentes
523 3437 794 3500 devastaverunt
815 3456 892 3500 eam
911 3445 946 3500 et
967 3437 1060 3499 cives
1079 3445 1200 3518 captos
1225 3448 1297 3501 tur-

346 3535 434 3615 piter
458 3535 687 3597 abduxerunt.
741 3536 789 3598 Et
809 3534 946 3598 interim
974 3553 1089 3598 comes
1112 3533 1136 3597 J
1139 3534 1294 3599 ohannes

346 3632 603 3713 Rothomagum
622 3632 763 3695 veniens
780 3626 832 3695 ¹in
851 3634 984 3698 octavis
1008 3632 1154 3695 Paschae
1177 3633 1295 3715 gladio

343 3730 491 3794 ducatus
526 3731 752 3794 Normanniaa
787 3733 963 3795 accinctus
998 3740 1051 3795 est
1082 3731 1118 3792 in
1150 3733 1295 3796 matrice

342 3829 488 3892 ecclesia
510 3849 571 3911 per
595 3829 822 3893 ministerium
845 3830 1007 3906 Walteri‚
1030 3828 1294 3912 Rothomagen·

341 3927 389 3989 sis
412 3927 672 4009 archiepiscopi,
696 3929 754 3991 ubi
781 3928 1059 4011 archiepiscopus
1082 3937 1294 3993 memoratus

341 4033 422 4088 ante
442 4027 555 4109 majus
573 4026 683 4090 altare
705 4027 740 4089 in
762 4029 876 4109 capite
896 4027 971 4110 ejus
991 4026 1108 4110 posuit
1125 4028 1292 4090 circulum

420 4194 468 4244 ¹121
478 4199 570 4246 octusis
578 4199 701 4261 Patriam]
719 4199 773 4247 The
785 4200 844 4248 loth
857 4199 948 4261 April;
968 4199 1101 4260 Hoveden,
1111 4216 1137 4262 p.
1150 4204 1208 4250 Μ.
