2970 5016
460 470 600 519 sununs
624 472 895 523 ursronrnnun.
1084 465 1149 527 145

194 620 322 702 elapsis
339 627 503 689 trecentis
521 629 576 692 vei
595 649 636 692 eo
658 631 806 714 amplius
823 634 934 709 annis,
954 627 1061 716 ¹papa
1083 636 1116 699 N
1119 638 1147 700 i·
1161 654 1216 694 un·
1228 656 1283 694 ¹¹⁰⁰·

192 720 325 798 colone,
354 723 397 785 ad
424 724 626 791 instantiam
653 728 867 794 Turonensis
896 733 1146 817 archiepiscopi

192 818 284 882 hunc
314 822 434 885 volens
466 845 628 890 revocare
659 848 821 906 errorem,
851 831 1039 908 Salamoni,
1069 835 1147 898 Bri-

193 926 313 981 tonum
343 921 427 1001 regi,
449 925 588 1006 scripsit
614 928 808 1009 epistolam,
834 931 973 1011 quaein
1000 930 1146 996 decretis

194 1016 355 1081 Gratiani
379 1022 587 1102 continetur,
609 1045 723 1090 causae
747 1028 794 1092 iii.
819 1030 1009 1113 quaestione
1026 1031 1059 1107 6,
1082 1033 1146 1095 sub

193 1114 258 1179 hac
274 1117 404 1199 sorma3

354 1293 498 1378 Epiron
515 1292 648 1358 Nicolai
655 1314 751 1378 papae
765 1294 802 1357 de
816 1294 920 1357 andem
937 1317 980 1358 re

239 1415 349 1480 ‘Haec
367 1419 497 1500 quippe
517 1424 570 1480 est
593 1417 676 1480 dicti
699 1418 809 1499 patris
832 1418 883 1480 tui
906 1418 1091 1496 ordinatio,
1109 1429 1144 1483 et
1157 1432 1230 1473 uren

195 1515 270 1578 hacc
295 1524 348 1579 est
375 1516 433 1579 lex
463 1516 617 1580 ecclcsiae
650 1517 771 1579 matris
799 1524 881 1592 tuae,
909 1516 1080 1594 videlicet,
1106 1526 1186 1582 ut
1157 1484 1258 1633 aiiii..
1270 1534 1287 1573 1·

193 1634 314 1678 omnes
330 1614 511 1697 episcopos
527 1615 624 1696 regui
648 1616 697 1678 tui
715 1616 759 1678 ad
778 1615 1013 1679 Turonensem
1032 1617 1144 1680 archi·
1157 1593 1172 1621 υ
1200 1588 1246 1622 Η

193 1713 392 1795 episcopum
421 1714 557 1777 mittere
582 1734 650 1777 non
678 1712 899 1790 detractcs'
890 1714 1066 1797 ipsiusque
1084 1716 1143 1799 ju·

193 1812 320 1875 dicium
343 1813 521 1895 postulare
547 1833 615 1876 non
640 1806 856 1894 dedigneris3
884 1814 958 1894 ipse
982 1815 1071 1877 enim
1090 1825 1143 1879 est

194 1912 492 1993 metropolitanus
510 1932 697 1995 omnesque
715 1912 867 1994 episcopi
885 1915 982 1994 regni
1000 1914 1051 1977 tui
1067 1914 1143 1998 ejus

160 2058 164 2063 .
194 2010 404 2093 suffraganei
432 2018 526 2088 sunt,
552 2012 641 2075 sicut
664 2012 933 2093 conscriptiones
954 2013 1143 2093 praedeces·

194 2129 311 2172 sorum
333 2130 486 2174 meorum
506 2111 683 2174 evidenter
703 2110 900 2186 ostendunt,
923 2113 982 2193 qui
1010 2113 1143 2193 praede·

194 2228 348 2272 cessores
365 2216 456 2285 tuos,
474 2210 555 2291 quia
568 2211 612 2272 ab
632 2209 708 2293 ejus
724 2209 804 2292 jure
824 2231 861 2274 se
883 2211 1142 2288 subtraxerunt,

194 2307 274 2371 sorti
305 2309 501 2373 invectione
532 2309 703 2390 corripere
733 2309 951 2385 studuerunt,
985 2313 1142 2391 quamvis

194 2425 258 2470 nec
287 2416 406 2471 nostra
433 2409 563 2489 scripta
590 2428 695 2489 super
722 2407 786 2471 hac
818 2428 853 2472 re
888 2409 992 2471 missa
1024 2410 1143 2473 deesse

194 2505 400 2571 videantur!
442 2507 488 2570 Et
510 2508 619 2585 int'ra;
650 2505 765 2584 ‘Quia
793 2527 874 2570 vero
906 2527 1044 2587 magna,
1066 2508 1142 2590 quis

193 2605 239 2668 sit
256 2606 553 2688 metropolitanus
573 2606 664 2687 apud
682 2605 870 2669 Britannos
886 2607 1061 2668 contentio
1077 2615 1142 2681 est,

194 2704 390 2787 nulliusque
414 2712 529 2769 teneat
552 2706 717 2768 memoria
733 2724 795 2767 vos
818 2705 852 2766 in
869 2713 985 2767 vestra
1003 2706 1142 2785 regione

192 2803 298 2867 ullam
322 2804 483 2868 habuisse
502 2804 716 2886 metropolim
733 2803 926 2879 ecclesiam,
945 2811 1058 2865 tamen
1077 2803 1142 2865 sibi

194 2903 290 2979 libet,
308 2913 491 2986 postquam
509 2903 606 2967 Deus
621 2904 838 2984 omnipotens
857 2922 976 2984 pacem
999 2901 1088 2965 inter
1108 2910 1142 2965 te

194 3011 230 3065 et
246 3002 408 3066 dilectum
424 3003 531 3066 filium
550 3010 705 3066 nostrum
724 3001 887 3065 Caroium
905 3021 1020 3082 regern
1038 3001 1141 3082 giori-

193 3121 291 3165 osum
310 3101 540 3178 constituerit,
555 3101 655 3165 facile
678 3101 741 3164 hoc
764 3101 921 3183 poteritis
942 3099 1141 3178 advertere;

194 3201 286 3282 quod
323 3201 353 3264 si
382 3201 468 3265 adeo
500 3201 748 3265 contentiosius
779 3219 883 3281 agere
915 3200 1066 3278 creditis,
1098 3201 1141 3263 ad

192 3300 427 3382 apostolatum
442 3299 616 3364 destinare
638 3298 846 3376 contendite,
869 3308 1041 3380 quatenus
1065 3319 1144 3362 nos-

193 3406 248 3462 tro
264 3398 455 3475 libramine,
470 3418 549 3481 quae
565 3401 612 3463 sit
627 3399 718 3481 apud
737 3418 799 3462 vos
822 3399 1013 3480 antiquitus
1031 3396 1142 3460 archi-

194 3497 401 3579 episcopalis
428 3498 584 3574 ecclesia,
610 3498 687 3560 luce
717 3497 844 3560 clarius
871 3498 1077 3571 innotescat,
1108 3505 1142 3559 et

193 3597 367 3678 deinceps,
394 3599 487 3660 omni
512 3597 738 3678 ambiguitate
766 3597 888 3672 recisa,
916 3614 1019 3677 quam
1044 3593 1142 3675 sequi

193 3697 345 3777 episcopi
369 3696 475 3759 vestri
497 3697 646 3759 debcant
669 3696 908 3760 incunctanter
927 3694 1142 3774 agnoscant.’

193 3793 272 3856 Tati
295 3794 413 3875 itaque
436 3795 510 3875 regi
532 3795 677 3877 praetato
696 3794 789 3857 sacta
809 3792 1054 3867 admonitione,
1074 3811 1142 3854 non

193 3894 272 3957 ideo
298 3893 432 3956 destitit
456 3895 500 3957 ab
526 3894 700 3975 incoeptis,
728 3892 788 3955 scd
817 3911 951 3973 semper
982 3891 1142 3970 deinceps

191 4001 263 4055 tarn
281 3993 355 4074 ipse
378 4011 482 4075 quam
503 3993 578 4076 ejus
603 4010 818 4055 successores
844 3990 1070 4071 perstiterunt
1090 4008 1144 4049 re·

230 4179 318 4244 'Papo
330 4183 475 4247 Nimim]
499 4184 570 4246 Pope
587 4183 656 4232 John
682 4182 729 4230 col.
742 4185 799 4230 8⁰³.
836 4180 959 4243 Compare
972 4179 1099 4242 Raynaid,
1111 4179 1144 4229 ad

191 4253 218 4301 in
235 4251 339 4303 Decret.
350 4252 467 4303 Gratias.
487 4254 571 4303 Paris.
585 4257 659 4314 loru,
683 4267 725 4300 an.
740 4254 813 4314 119⁰,
824 4247 837 4314 ξ
848 4255 890 4299 ⁵2.

239 4342 318 4390 VOh.
338 4343 392 4391 ΙΙΙ.
975 4341 995 4385 L
