2970 5016
339 428 405 493 320
592 441 728 490 socam
751 443 798 490 nn
821 443 1027 492 wannovna

179 614 302 655 stt-¹²¹³·
339 620 417 664 cum
446 600 524 664 aliis
549 601 754 683 quibusdam
782 601 925 679 nuntiis,
949 611 989 667 ut
1012 604 1183 668 baronum
1210 625 1288 688 pro·

338 700 489 782 positum
508 701 714 764 auctoritate
733 702 925 783 apostolica
946 703 1134 767 irritarent
1189 703 1287 768 Misit

337 800 442 861 etiam
474 799 680 876 Walterum,
706 800 981 881 wigorniensem
1013 803 1216 884 episcopum
1251 812 1284 865 et

338 895 477 979 Angliae
491 898 745 975 cancellarium,
760 898 784 961 J
786 897 968 976 ohannem,
982 901 1184 982 episcopum
1199 901 1283 964 Nor·

338 996 532 1072 wicensem,
564 996 775 1061 Richardum
805 998 849 1062 de
879 998 1044 1074 Marisco,
1070 999 1280 1063 Willelmum

340 1094 485 1158 Gernun
506 1103 542 1160 et
558 1094 745 1177 Hugonem
766 1096 809 1159 de
834 1098 959 1173 Boves,
982 1096 1026 1162 ad
1048 1099 1168 1162 omnia
1184 1099 1282 1163 finiti·

338 1212 397 1256 rna
424 1213 531 1275 regna
553 1195 782 1258 transmarina
804 1214 882 1258 cnm
904 1196 1019 1277 sigillo
1049 1217 1115 1260 suo
1144 1207 1281 1280 propter

338 1292 486 1356 militare
510 1294 720 1376 praesidium,
742 1295 945 1376 promittens
974 1296 1024 1358 eis
1050 1303 1176 1372 terras,
1205 1316 1280 1379 pos·

338 1393 509 1456 sessiones
531 1393 676 1475 amplas,
699 1413 776 1458 cum
800 1394 947 1476 pecnnia
972 1414 1040 1458 non
1065 1395 1222 1471 modica;
1247 1406 1278 1459 et

339 1490 383 1553 ad
399 1491 563 1574 majorem
582 1491 694 1569 fidem,
711 1493 742 1555 si
756 1511 896 1555 necesso
914 1501 1017 1570 esset,
1037 1493 1193 1557 facerent
1213 1514 1277 1558 om-

338 1591 441 1653 nibus
463 1591 580 1654 venire
597 1590 790 1654 volentibus
810 1590 948 1655 chartas
969 1592 1013 1655 de
1034 1594 1224 1657 securitate
1246 1602 1277 1656 et

337 1687 508 1771 stipendio
522 1689 677 1768 militari3
693 1689 944 1771 terminumque
954 1691 1004 1753 eis
1021 1691 1188 1774 praefixit,
1200 1712 1278 1773 qna-

338 1795 439 1851 tenus
453 1807 531 1852 oum
547 1787 729 1864 universis,
745 1808 832 1869 quos
850 1789 1023 1853 attrahere
1038 1798 1214 1871 poterant,
1224 1811 1277 1855 ve·

337 1887 451 1951 nirent
466 1886 510 1951 ad
525 1887 636 1969 ipsum
651 1887 743 1969 apud
760 1887 934 1952 Doveram
951 1888 995 1952 ad
1017 1889 1146 1953 festum
1170 1890 1275 1953 sancti

338 1982 531 2051 Michaelis.
577 1984 676 2050 Misit
695 1993 861 2067 praeterea
874 1987 992 2051 literas
1008 1987 1051 2051 ad
1070 2007 1191 2051 omnes
1205 2007 1274 2051 cas·

335 2084 483 2148 tellanos
505 2104 586 2147 suos
607 2084 650 2147 de
672 2104 780 2166 regno
802 2083 953 2166 Angliae,
978 2085 1185 2169 praecipiens
1211 2087 1275 2150 sin-

335 2183 439 2261 gulis,
463 2190 502 2245 ut
525 2182 669 2245 castella
690 2203 754 2246 sua
775 2184 867 2248 omni
884 2183 1086 2248 victualium
1110 2193 1147 2248 et
1170 2205 1275 2249 armo-

335 2298 409 2342 rum
433 2300 557 2362 genere
579 2300 656 2343 cum
679 2283 839 2362 praesidio
856 2283 997 2346 militari
1016 2284 1067 2347 ita
1092 2286 1273 2362 munirent,

334 2387 373 2442 at
399 2378 568 2445 sufficeret
594 2381 644 2443 eis
676 2381 719 2443 ad
753 2381 982 2446 defensionem
1009 2382 1039 2445 si
1062 2384 1274 2466 contingeret

331 2479 411 2543 illos
424 2479 460 2542 in
474 2480 624 2544 crastino
640 2480 800 2544 obsideri.
838 2480 919 2563 Ipse
934 2488 1049 2546 autem
1067 2501 1131 2544 rex
1140 2483 1272 2547 interim

332 2598 410 2642 cum
427 2580 547 2662 paucis
562 2579 739 2655 ministris,
759 2598 846 2661 quos
866 2580 909 2643 de
924 2580 1054 2643 familia
1072 2579 1272 2644 Norwicen-

331 2679 380 2741 sis
402 2677 554 2761 episcopi
577 2677 808 2741 emendicatos
835 2678 995 2754 babebat,
1023 2679 1148 2760 pirates
1177 2699 1271 2743 exer·

330 2796 413 2841 cens
434 2776 594 2853 officium,
620 2783 801 2840 nautarum
835 2777 900 2840 sibi
929 2777 1080 2858 quinque
1111 2786 1268 2859 portuum

330 2877 478 2958 gratiam
507 2876 727 2940 reconciliare
752 2876 916 2954 vacavit3
950 2875 1068 2956 sicque
1095 2874 1131 2938 in
1161 2876 1269 2940 insula

328 2975 495 3058 praedicta
512 2982 547 3037 et
563 2975 655 3038 circa
670 2975 840 3038 maritima
861 2972 960 3055 qnasi
981 2974 1046 3036 sub
1068 2974 1125 3037 dio
1148 2974 1269 3051 latens,

329 3075 422 3137 omni
445 3074 539 3155 regio
557 3075 705 3137 tumultu
725 3072 929 3155 postposito,
949 3065 1027 3154 ¹per
1045 3079 1117 3135 tres
1137 3092 1268 3137 menses

328 3172 418 3236 inter
433 3172 544 3236 undas
566 3181 601 3236 et
618 3179 799 3236 nautarum
816 3171 962 3253 collegia
980 3171 1173 3235 solitariam
1191 3192 1267 3253 age-

327 3271 387 3335 bat
409 3272 529 3349 vitam,
561 3271 682 3334 maluit
704 3270 794 3333 enim
823 3270 909 3333 mori
936 3289 1039 3352 quam
1065 3269 1125 3332 diu
1154 3270 1266 3335 vivere

327 3372 372 3435 ab
399 3370 534 3454 injuriis
561 3370 728 3433 baronum
758 3369 900 3432 inultus.
952 3367 1192 3435 Veruntamen
1219 3371 1267 3433 in-

328 3472 425 3534 terim
450 3470 586 3533 diverso
607 3468 650 3531 de
672 3487 713 3531 eo
736 3467 947 3531 diversorum
964 3467 1171 3532 versabatur
1194 3488 1267 3532 sen-

326 3569 447 3645 tentia,
470 3568 641 3651 praecipue
666 3586 744 3629 cum
767 3585 789 3629 a
810 3564 1015 3648 quibusdam
1037 3566 1200 3648 piscator,
1224 3569 1265 3630 ab

324 3668 403 3733 aliis
429 3675 599 3731 mercator
617 3673 652 3729 et
668 3665 832 3748 piraticus
856 3664 1041 3747 praedator,
1056 3684 1077 3728 a
1096 3666 1266 3729 nonnullis

359 3867 427 3917 ¹Per
442 3870 493 3914 tm
508 3858 622 3930 taem]
647 3863 720 3912 From
740 3862 782 3910 tbe
808 3861 917 3910 tbeblst
932 3860 962 3909 ol
975 3861 1200 3924 JulyatOxlord,
1214 3861 1262 3910 and

322 3936 395 3986 detes
407 3936 436 3986 of
443 3935 555 3984 charters
569 3947 598 3982 or
613 3933 684 3980 write
699 3932 725 3979 in
740 3932 783 3980 the
807 3931 861 3979 that
878 3931 970 3992 during
987 3931 1061 3980 much
1078 3930 1108 3978 of
1121 3932 1164 3980 tbe
1180 3931 1261 3980 montb

322 4006 416 4057 Patent
444 4004 515 4053 Bolis
543 4003 594 4051 Mr.
620 4001 712 4062 Hardy
736 4000 782 4049 has
806 4000 835 4048 of
847 4000 993 4062 September
1007 4000 1105 4049 bewns
1120 4001 1260 4059 ntDorer;

320 4076 416 4138 proved
437 4075 492 4123 that
512 4086 544 4121 on
566 4071 635 4122 June
657 4070 700 4119 the
724 4069 781 4119 rath
806 4069 1014 4130 lntrod.p.xxi1.
1035 4068 1264 4119 'lbestatementol

319 4146 388 4196 John
397 4159 451 4194 was
462 4142 514 4191 still
527 4144 553 4190 al
565 4140 739 4202 Runnymede,
749 4154 780 4188 on
805 4139 847 4187 the
864 4143 916 4186 text
932 4138 982 4186 hud
998 4139 1120 4200 probably
1132 4141 1165 4188 its
1181 4141 1259 4201 origin

318 4215 429 4266 theatin
438 4211 781 4272 bewasalWinebester,on
804 4208 862 4269 only
875 4209 901 4256 in
912 4222 928 4256 e
938 4207 1103 4269 traditionary
1115 4215 1207 4272 repon.
