2970 5016
453 474 593 523 anonas
618 475 888 524 ursronraaun.
1079 459 1144 524 261

191 632 282 695 infra
318 632 513 714 proximum
551 631 689 696 Pascha
722 632 861 714 planam
892 631 1279 697 restitutionemanaru.

194 731 322 795 faceret
350 732 567 809 ablatorum3
592 733 646 794 sin
669 739 798 807 autem,
827 732 863 794 in
883 731 1064 813 pristinam
1082 752 1145 796 ex·

193 831 513 894 communicationis
536 831 743 894 sententiam
761 838 993 894 revocaretur.
1038 831 1062 895 J
1065 851 1144 896 ura·

194 929 244 993 vit
260 937 431 1011 praeterea
453 929 659 993 Innocentio
681 949 782 1012 papae
800 929 945 1013 ejusque
964 930 1145 994 catholicis

194 1030 450 1092 successoribus
480 1028 682 1092 fidelitatem
714 1036 750 1092 et
779 1028 1023 1105 obedientiam,
1055 1030 1144 1094 sicut

193 1128 352 1210 superius
376 1128 412 1190 in
434 1128 564 1210 scripto
582 1128 758 1191 redactum
781 1128 1001 1207 continetur3
1021 1128 1144 1192 deinde

194 1226 476 1309 archiepiscopus
507 1227 636 1290 ducens
665 1225 762 1290 illum
792 1227 828 1289 in
859 1226 1038 1290 ecclesiam
1065 1229 1144 1290 mis-

194 1344 268 1388 sam
292 1326 492 1403 celebravit,
513 1333 549 1390 et
569 1333 648 1408 post
668 1325 807 1389 missam
830 1325 1045 1389 admoneam
1066 1345 1144 1390 cum

193 1444 275 1506 rege
308 1425 498 1489 residentes
541 1424 821 1507 archiepiscopus
860 1443 938 1487 cum
972 1426 1144 1507 episcopis

194 1530 230 1587 et
253 1524 475 1605 magnatibus
502 1524 673 1588 universis
700 1524 932 1606 epulabantur
955 1523 992 1586 in
1021 1524 1145 1588 laetitia

193 1629 230 1686 et
253 1622 485 1705 jocunditate.
554 1623 597 1686 In
631 1623 783 1687 crastino
815 1630 932 1686 autem
965 1623 1059 1686 misit
1080 1642 1144 1687 rex

192 1721 312 1785 literas
334 1722 378 1785 ad
401 1741 519 1786 omnes
539 1722 759 1786 vicecomites
782 1722 879 1802 regni
896 1720 1035 1803 Angliae
1055 1741 1144 1804 prae-

194 1820 338 1903 cipiens,
354 1821 451 1886 atde
468 1821 615 1902 singulis
632 1821 880 1886 dominicorum
896 1840 1037 1885 suorum
1052 1822 1144 1885 villis

194 1927 344 2002 quatuor
370 1920 501 2002 legales
534 1920 690 1984 homines
722 1940 799 1984 cum
833 1920 1021 2003 praeposito
1052 1922 1143 2002 apud

193 2028 353 2082 sanctum
368 2019 544 2083 Albanum
566 2018 676 2101 pridie
698 2039 807 2083 nonas
823 2017 977 2101 Augusti
992 2018 1145 2084 facerent

194 2119 391 2195 convenire,
408 2126 448 2183 ut
464 2138 526 2201 per
541 2118 620 2182 illos
642 2126 677 2181 et
697 2118 785 2182 alios
805 2119 981 2182 ministros
1001 2138 1084 2182 suos
1101 2119 1144 2182 de

194 2217 329 2280 damnis
355 2217 570 2299 singulorum
597 2218 835 2300 episcoporum
865 2225 901 2282 et
925 2217 1052 2281 ablatis
1074 2238 1145 2281 cer·

194 2315 375 2380 titudinem
403 2317 591 2398 inquireret
614 2323 648 2380 et
674 2316 756 2399 quid
781 2317 928 2400 singulis
950 2316 1144 2382 deberetur.

196 2414 284 2479 Inde
311 2435 392 2480 vero
426 2415 519 2498 apud
549 2415 791 2480 Portesmuthe
819 2435 897 2479 cum
924 2416 1144 2480 festinatione

194 2515 348 2590 veniens,
371 2523 411 2579 ut
429 2514 669 2578 transfretaret
683 2515 719 2577 in
744 2513 950 2591 Pictaviam,
967 2507 1144 2578 ¹Galsrido

195 2612 382 2678 tilio-Petri
404 2621 440 2678 et
459 2614 623 2696 episcopo
645 2613 878 2678 Wintoniensi
906 2631 1049 2694 regnum
1070 2612 1144 2675 An·

194 2711 275 2793 glioe
298 2713 481 2790 commisit,
503 2712 706 2795 praecipiens
732 2720 772 2775 ut
789 2732 867 2776 cum
888 2713 1033 2776 consilio
1054 2711 1144 2775 Can-

196 2810 381 2875 tuariensis
402 2812 650 2894 archiepiscopi
671 2811 788 2875 omnia
812 2811 910 2892 regni
932 2809 1073 2892 negotia
1092 2830 1145 2874 or-

195 2909 365 2975 dinarent.
418 2911 498 2990 Quo
516 2910 622 2986 facto,
639 2917 808 2974 venerunt
822 2910 949 2974 ibidem
967 2910 1011 2973 ad
1029 2929 1143 2991 regem

197 3028 379 3073 numerosa
401 3010 548 3073 militum
565 3009 762 3087 multitudo,
778 3018 1039 3092 conquerentes,
1053 3009 1145 3091 quod

196 3106 231 3170 in
250 3108 395 3185 diutina,
414 3128 517 3191 quam
539 3109 586 3171 ibi
606 3108 771 3186 fecerant,
792 3110 1052 3192 exspectatione
1072 3129 1145 3172 om-

197 3227 274 3270 nem
291 3210 473 3289 pecuniam
495 3227 593 3271 suam
609 3216 906 3290 consumpserant,
920 3209 1011 3272 unde
1030 3209 1145 3290 ipsum

197 3307 296 3388 sequi
316 3309 519 3389 nequierant
535 3307 601 3369 nisi
621 3306 664 3369 de
685 3308 769 3371 fisco
786 3307 855 3370 illis
874 3307 1069 3371 neccssaria
1086 3307 1146 3369 mi·

198 3406 383 3485 nistraret3
405 3406 590 3488 quodcum
607 3425 668 3468 rex
687 3406 799 3469 facere
816 3412 1022 3481 recusasset,
1036 3406 1146 3467 iratus

198 3524 276 3567 cum
304 3507 442 3587 privata
467 3504 597 3568 familia
621 3524 727 3568 naves
752 3505 905 3569 ascendit
926 3512 962 3567 et
986 3510 1066 3585 post
1085 3503 1146 3566 tri-

197 3603 303 3666 duum
330 3605 422 3687 apud
444 3598 606 3668 ²Gerseie
629 3603 776 3667 insulam
802 3603 981 3686 applicuit,
1005 3620 1147 3682 magna-

198 3703 291 3765 tibus
321 3704 393 3767 suis
422 3704 560 3768 domum
589 3703 758 3781 reversis3
791 3704 849 3765 ubi
877 3721 953 3765 cum
983 3720 1046 3763 rex
1072 3720 1148 3763 sese

234 3927 373 3989 ¹Galsrido
394 3924 574 3997 filio-Petri]
609 3928 661 3977 His
686 3929 894 3979 transfretaturus
914 3927 1055 3977 custodiam
1078 3928 1149 3988 regni

198 3999 298 4049 charter
307 4001 337 4048 oi
345 4002 517 4061 appointment
528 4000 550 4048 is
561 3997 662 4062 printed
687 4014 761 4061 papas
773 4005 799 4048 et
806 3998 921 4060 ejusdem
932 4012 1020 4059 pacem
1030 3997 1150 4058 episcopo

198 4070 224 4118 in
234 4070 337 4131 Ryrner,
348 4071 367 4119 i.
379 4086 406 4131 p.
419 4074 466 4118 118
476 4086 484 4129 ;
495 4085 528 4118 on
539 4069 580 4117 the
592 4082 662 4117 same
687 4070 797 4117 Winton.
809 4063 928 4117 mandat.’

199 4154 265 4201 page
286 4141 309 4188 is
331 4139 437 4188 another
455 4140 555 4188 chartea
571 4153 603 4187 on
620 4137 662 4185 the

199 4223 268 4258 same
298 4210 426 4271 occasion,
454 4209 558 4259 entitled
586 4207 663 4255 ‘Rex
723 4196 871 4268 π(ἴενεοιί.]
890 4194 1059 4262 ‘Gernesere,’
1073 4202 1103 4248 C.
