2970 5016
346 442 410 506 190
602 452 736 502 sooner
760 453 808 500 ns
831 451 1038 499 wnunovss

181 628 236 669 A-v·
249 629 305 669 ¹²⁰⁸·
343 612 600 679 successorihus
628 612 752 677 vestris
781 630 886 694 super
902 609 983 693 jure
1008 608 1297 674 Cantuariensem

344 713 639 796 archiepiscopum
657 710 806 793 eligendi
822 710 996 775 silentium
1011 717 1217 792 perpetuum
1233 711 1299 771 im·

343 814 515 896 ponimns,
538 821 573 877 et
595 810 783 875 monachos
806 808 1076 874 cantuarienses
1095 810 1140 872 ah
1161 809 1300 891 impeti-

345 913 440 977 tione
461 931 503 975 ac
521 911 761 975 molestatione
775 916 893 973 vestra
911 917 947 972 et
962 927 1200 972 successorum
1218 926 1297 971 ves·

344 1019 476 1076 trorum
502 1030 564 1093 per
591 1011 797 1074 senteutiam
826 1007 1042 1072 diffinitivam
1073 1007 1297 1082 absolvimus,

345 1110 554 1174 auctoritate
583 1109 776 1191 apostolica
809 1106 1043 1183 decernentes,
1072 1114 1111 1170 ut
1136 1106 1296 1171 monachi

347 1208 610 1273 Cantuariensis
636 1207 790 1271 ecclesiae
812 1214 848 1271 et
874 1225 1090 1270 successores
1112 1224 1231 1270 eorum
1254 1205 1297 1268 de

345 1315 472 1372 caetero
490 1307 787 1389 archiepiscopum
810 1306 942 1389 eligant
961 1306 1037 1369 sine
1062 1305 1170 1369 vobis.
1223 1304 1298 1368 Da-

346 1415 418 1470 tum
450 1407 586 1483 Romae,
612 1404 703 1488 apud
732 1414 890 1469 sanctum
915 1405 1071 1482 Petrum,
1093 1403 1296 1468 duodecimo

345 1504 513 1570 kalendas
524 1506 548 1570 J
550 1505 697 1583 anuarii,
712 1505 934 1587 pontificatus
947 1505 1058 1569 nostri
1074 1523 1165 1568 anno
1181 1503 1296 1567 nono!

376 1673 426 1738 De
443 1673 580 1759 quadam
594 1674 708 1738 odiam
715 1672 902 1759 perpeterii
916 1682 944 1737 et
951 1674 1055 1758 poeais
1070 1673 1225 1738 maloram
1238 1683 1267 1738 et

673 1772 779 1857 ylario
796 1769 960 1837 ὀθαίονιιηι.

201 1919 226 1958 er
276 1921 289 1949 o
396 1896 476 1960 Hoc
494 1916 586 1960 anno
601 1897 655 1959 vir
672 1896 811 1977 quidam
834 1895 870 1959 in
894 1895 1095 1977 episcopatu
1120 1895 1297 1962 Londoni·

345 1997 432 2072 ensi,
448 1997 484 2058 in
500 1995 584 2059 villa
604 2014 682 2076 quae
702 1989 889 2058 ¹Tidstude
907 1994 1034 2058 dicitur
1048 1994 1191 2076 degens,
1213 1996 1296 2060 sim·
1384 2063 1391 2076 ,

345 2093 428 2177 plex
452 2094 618 2176 operique
649 2100 810 2158 assumus
836 2093 943 2157 rurali
966 2102 1001 2158 et
1018 2094 1126 2176 juxta
1148 2094 1296 2160 faculta-

346 2199 419 2256 tum
451 2191 721 2255 mediocritatem
766 2191 996 2274 hospitalitati
1027 2191 1177 2269 deditus,
1213 2193 1295 2259 dum

346 2297 425 2373 post
452 2290 570 2354 horam
596 2291 830 2372 vespertinam
851 2291 888 2354 in
913 2290 1032 2371 vigilia
1058 2292 1296 2375 apostolorum

346 2389 496 2454 Simonis
513 2396 549 2453 et
563 2388 587 2452 J
589 2389 667 2453 udae
690 2390 841 2470 agellum
856 2408 970 2465 suum,
986 2408 1086 2472 quem
1104 2390 1224 2455 eodem
1239 2392 1297 2456 die

346 2489 588 2564 seminaverat,
603 2490 647 2552 ah
664 2507 831 2571 aquarum
847 2486 1072 2552 inundatione
1086 2509 1148 2572 per
1164 2490 1297 2555 rivulos

346 2588 484 2653 laticem
501 2586 702 2652 deducendo
718 2595 916 2664 evacuaret,
938 2588 1057 2651 oculos
1080 2589 1197 2653 subito
1218 2610 1297 2654 sur·

346 2707 422 2751 sum
446 2688 581 2768 erigens
599 2687 693 2752 videt
710 2687 881 2751 hominem
898 2686 1069 2769 quendam
1087 2687 1131 2750 ad
1153 2707 1192 2753 se
1214 2691 1298 2753 emi-

347 2806 412 2850 nus
434 2794 697 2869 properantem
721 2806 823 2868 quem
845 2805 924 2849 cum
951 2786 1146 2868 aspexisset
1167 2794 1204 2851 et
1219 2808 1296 2853 ora·

346 2885 474 2951 tionem
498 2885 716 2950 Dominicam
743 2885 954 2961 inchoasset,
977 2904 1056 2949 ecce
1080 2886 1238 2968 protinus
1264 2890 1296 2952 ei

346 2986 512 3049 assistens
541 2984 699 3049 hortatus
729 2992 795 3060 est,
826 2990 876 3061 ut,
905 2984 1003 3048 finita
1024 3003 1128 3067 quam
1155 2985 1297 3052 inchoa·

346 3091 445 3148 verat
468 3084 636 3161 oratione,
656 3104 772 3148 secum
794 3083 1014 3166 loqueretur;
1039 3085 1212 3166 completa
1234 3105 1296 3150 au·

347 3189 416 3246 tem
438 3182 605 3258 oratione,
624 3184 828 3248 seinvicem
848 3182 1054 3247 salutarunt.
1107 3184 1209 3248 Tunc
1225 3186 1296 3261 ille,

347 3281 407 3362 qui
424 3290 682 3362 supervenerat,
704 3289 961 3364 percunctatur,
978 3283 1036 3345 uhi
1051 3291 1151 3347 nocte
1166 3284 1229 3348 illa
1242 3285 1295 3347 in·

348 3387 401 3444 ter
419 3379 549 3443 vicinos
576 3381 687 3463 possit
712 3383 960 3463 congruentius
986 3380 1175 3464 hospitari;
1203 3403 1298 3447 cum-

347 3498 415 3560 que
433 3480 619 3561 requisitus
636 3480 851 3562 quorundam
869 3481 1059 3544 vicinorum
1077 3480 1297 3547 sedulitatem

347 3578 594 3660 hospitalitatis
621 3579 864 3655 collaudasset,
890 3580 1076 3661 requisitor
1104 3582 1297 3645 nominato·

346 3696 421 3739 rum
450 3678 664 3759 quorundam
689 3678 960 3760 hospitalitatem
986 3680 1197 3762 reprobavit.
1249 3681 1299 3746 At

346 3775 404 3839 ille
431 3776 627 3859 intelligens
651 3778 775 3854 virum,
800 3778 860 3860 qui
885 3778 1086 3855 advenerat,
1105 3779 1297 3844 vicinorum

346 3894 487 3939 suorum
513 3875 639 3939 habere
669 3876 840 3954 notitiam,
864 3878 1005 3959 rogavit
1031 3878 1231 3955 instantius,
1259 3888 1298 3942 ut

345 3992 461 4039 secum
496 3974 665 4057 hospitari
695 3973 920 4057 dignaretur;
954 3977 1009 4041 cui
1039 3976 1111 4053 ille,
1133 3976 1297 4062 ‘conjux

393 4185 401 4217 ¹
412 4189 548 4252 ruenda]
570 4193 686 4255 Perhaps
697 4193 736 4242 ior
746 4189 891 4256 ‘'l'unsted,‘
902 4207 931 4242 or
940 4193 1104 4254 ‘Twimtea’
1115 4192 1142 4242 ln
1154 4193 1246 4244 Esset.
