2970 5016
336 434 381 498 66
594 448 727 496 nocam
752 449 799 496 nn
822 447 1028 495 wnunovnn

358 676 449 753 Qood
463 676 545 742 idem
561 696 615 740 ree
628 698 651 741 a
664 676 770 740 mehir
784 674 984 739 inimicorum
999 692 1125 736 urorum
1140 672 1269 737 insidiis

743 773 881 837 evaserit.

182 912 318 1004 pap-⁸333·
393 891 489 961 Rex¹
515 896 710 961 Richardus
731 914 809 958 cum
829 891 1003 957 nonnullis
1022 908 1164 954 snorum
1184 890 1292 953 nimia

181 996 448 1059 canonum-maris
477 1001 682 1076 tempestate
709 999 859 1057 vexatus
887 1009 949 1072 per
976 1008 1040 1053 sex
1067 988 1290 1069 septimanus,

343 1112 421 1158 cum
450 1092 645 1156 devenisset
671 1109 790 1154 versus
819 1087 1022 1152 Barbetium
1054 1085 1157 1149 trium
1180 1085 1290 1149 velifi-

343 1191 481 1254 catione
500 1190 631 1253 dierum
655 1207 678 1251 a
701 1186 861 1251 Marsilia
882 1185 1028 1259 distans,
1049 1190 1085 1246 et
1106 1182 1199 1246 sema
1217 1202 1290 1247 cre·

344 1289 522 1352 brescente
540 1287 615 1369 jum
637 1286 857 1366 cognovisset
881 1282 1040 1345 comitem
1062 1280 1173 1345 sancti
1192 1281 1290 1361 AEgi·

345 1385 406 1462 dii,
423 1403 556 1448 necnon
576 1392 612 1447 et
628 1392 772 1447 cunctos
791 1381 974 1464 principes,
996 1398 1058 1460 per
1073 1396 1159 1460 qnos
1176 1386 1290 1442 trans·

346 1484 458 1547 iturus
479 1490 566 1559 erat,
588 1489 710 1547 contra
732 1500 810 1545 eum
834 1477 1042 1542 unanimiter
1062 1476 1291 1557 conspirasse,

346 1600 452 1662 seque
470 1581 502 1644 ei
521 1580 649 1662 ubique
668 1579 811 1644 iusidias
829 1576 1028 1651 tetendisse,
1045 1574 1217 1656 disposuit
1232 1594 1293 1656 per

347 1677 596 1743 Theutonicam
612 1677 760 1741 latenter
774 1673 982 1757 repatriare3
995 1666 1167 1753 ¹velinque
1183 1681 1292 1736 retor-

348 1775 395 1838 tis
417 1795 495 1839 cum
521 1775 642 1857 paucis
667 1793 819 1850 suorum,
842 1769 1042 1836 Buldewino
1062 1768 1223 1835 videlicet
1248 1771 1291 1835 de

350 1872 501 1948 Bethun,
516 1879 552 1936 et
571 1872 737 1953 magistro
755 1871 918 1951 Philippo
934 1868 1059 1932 clerico
1076 1886 1152 1943 suo,
1167 1865 1291 1931 Aneel·

349 1989 473 2051 moque
489 1964 686 2051 ³capellano
703 1969 792 2051 ejus,
810 1986 888 2031 cum
909 1965 1115 2048 quibusdam
1129 1964 1293 2029 fratribus

349 2066 497 2147 Templi,
512 2067 547 2128 in
564 2066 721 2147 pertibus
737 2065 911 2129 Slavoniae
927 2062 971 2126 ed
985 2062 1104 2127 villam
1119 2062 1294 2143 quandam

350 2164 488 2227 nomine
519 2163 692 2227 Gazaram
720 2163 940 2244 appulerunt,
971 2161 1032 2241 qui
1059 2158 1177 2224 statim
1207 2179 1295 2223 nun·

350 2261 436 2325 tium
458 2261 503 2324 ad
531 2262 726 2342 proximum
755 2261 943 2340 dirigentes
972 2258 1152 2322 castellum
1174 2276 1294 2340 pacem

350 2366 386 2423 et
413 2359 620 2422 conductum
656 2378 678 2422 a
710 2359 849 2422 domino
883 2356 1071 2439 provinciae
1102 2355 1208 2433 illius,
1234 2358 1294 2437 qui

350 2475 459 2538 nepos
480 2457 617 2521 exstitit
638 2456 822 2531 marchisii,
844 2453 1076 2536 postularunt.
1129 2453 1210 2517 Rex
1231 2472 1293 2517 an-

351 2562 420 2619 tem
439 2555 473 2617 in
492 2554 604 2619 reditu
622 2573 686 2617 sno
704 2561 774 2618 tres
793 2553 927 2634 lapides
946 2552 1127 2634 pretiosos,
1143 2553 1292 2615 carbun-

350 2653 447 2718 culos
475 2654 618 2729 seilicet,
642 2671 730 2736 quos
752 2651 879 2731 vulgus
905 2649 1039 2715 ‘rubin'
1062 2649 1250 2731 appellant,
1273 2669 1296 2713 e

349 2752 499 2835 quodam
525 2752 655 2816 Pisano
676 2750 836 2814 bizantiis
858 2754 1121 2830 comparaverat
1143 2767 1298 2828 nongen-

352 2850 415 2927 tis3
438 2868 584 2931 quorum
600 2868 717 2925 unum,
731 2849 813 2912 dnm
828 2853 920 2912 esset
935 2846 969 2909 in
988 2845 1080 2921 nevi,
1097 2845 1133 2909 in
1148 2838 1295 2911 ⁴annulo

351 2964 456 3009 aureo
483 2945 674 3021 includens,
697 2945 795 3007 illum
818 2945 956 3008 domino
982 2943 1116 3006 castelli
1139 2962 1202 3024 per
1222 2944 1295 3008 dic·

350 3048 424 3105 tum
440 3042 599 3105 nuntium
614 3042 814 3106 transmisit.
849 3043 1101 3105 Percunctatus
1112 3060 1194 3105 vero
1210 3061 1297 3106 nun·

352 3140 419 3201 tius
441 3156 465 3203 a
485 3139 623 3202 domino
648 3139 727 3215 loci,
753 3139 894 3221 quinam
920 3146 1036 3204 essent
1063 3138 1123 3220 qui
1147 3140 1296 3204 conduc·

351 3242 424 3297 tum
445 3236 621 3316 petebant,
636 3238 824 3318 respondit,
841 3238 1040 3319 peregrinos
1056 3255 1132 3301 esse
1149 3236 1194 3300 ab
1211 3236 1295 3301 Hie·

350 3332 524 3415 rosolyma
542 3333 736 3398 redeuntes.
789 3335 924 3398 Deinde
943 3335 1082 3398 nomine
1104 3353 1224 3397 eorum
1244 3335 1298 3398 in·

350 3430 488 3511 quireus
504 3451 526 3496 a
542 3432 676 3508 nuntio,
692 3433 882 3515 respondit,
898 3438 908 3466 ‘
922 3432 1023 3496 Unus
1037 3451 1155 3497 eorum
1170 3432 1296 3496 Bulde·

350 3528 461 3593 winus
488 3530 531 3593 de
564 3531 679 3594 Betun
708 3530 913 3612 appellatur,
945 3530 1033 3593 ulter
1059 3549 1140 3593 voro
1166 3524 1295 3610 'Hugo

385 3676 456 3726 'Rex
469 3679 628 3743 Riehordaa]
642 3680 810 3742 Coggeshele,
833 3681 862 3728 ol
875 3680 971 3742 Bleise,
981 3681 1023 3728 the
1039 3680 1096 3740 ring
1109 3693 1141 3727 on
1158 3679 1198 3728 hie
1215 3681 1295 3741 unger

349 3747 399 3796 col.
409 3751 468 3795 88⁰.
832 3749 979 3797 discovered
990 3749 1041 3796 him
1048 3752 1098 3795 tou
1109 3761 1168 3795 mnu
1175 3747 1234 3795 who
1241 3748 1294 3796 had

385 3812 521 3877 ’velisque
540 3816 667 3879 retortia]
693 3816 736 3866 lie
762 3822 809 3879 put
833 3817 926 3866 known
942 3817 983 3866 his
999 3829 1089 3878 person
1106 3820 1133 3864 at
1147 3815 1225 3879 Aere,
1242 3816 1292 3865 and

349 3882 416 3931 back
430 3884 483 3930 tiret
493 3887 518 3930 to
530 3882 625 3941 Coriu3
643 3884 705 3933 ibid.
832 3886 890 3934 who
906 3885 1022 3947 reported
1033 3885 1102 3933 what
1118 3882 1150 3933 he
1166 3883 1218 3933 had
1234 3899 1295 3935 seen

385 3949 536 4013 ’Capeliano
554 3951 634 4013 eiua]
662 3952 727 4013 ‘qui
752 3954 807 4002 haec
832 3960 858 4002 to
879 3954 922 4003 the
943 3948 1037 4013 duke3’
1062 3952 1144 4013 Mille,
1162 3952 1191 4002 ii.
1208 3968 1236 4014 p.
1253 3958 1295 4017 ⁷⁵,

350 4020 433 4068 omnia
445 4020 526 4079 nobis,
542 4024 570 4067 ut
580 4020 644 4068 vidit
658 4025 684 4069 et
701 4023 808 4084 audivit,
832 4028 894 4071 note.

350 4088 436 4135 retulit
444 4083 462 4145 ;’
480 4088 542 4135 ibid.
856 4089 951 4151 ‘Hugo
962 4090 1100 4152 merentem]
1112 4089 1172 4137 ‘He
1183 4089 1296 4150 disguie-

385 4154 520 4216 ⁴Annulo.]
533 4156 692 4218 ‘According
704 4161 729 4204 to
741 4156 809 4204 Otho
832 4159 864 4205 ed
884 4158 987 4207 himself
1006 4164 1032 4206 to
1054 4160 1085 4207 be
1108 4172 1155 4206 oue
1173 4158 1262 4217 Hngo,
1280 4172 1296 4205 a
