2970 5016
241 630 296 671 Μ).
306 631 362 669 noo.

242 1415 298 1453 John

242 1464 329 1503 marries

245 1514 312 1553 lmhel
320 1513 345 1553 ol

242 1564 381 1611 Angouldme.

401 446 466 509 148
656 462 789 510 nocam
815 463 861 509 nu
885 462 1092 511 wnunovnn

402 630 508 693 scopo
548 610 825 692 Burdogalcnsi;
859 618 932 674 crat
965 611 1055 673 onim
1095 617 1177 673 tunc
1209 628 1356 689 regnum

405 710 614 774 Francorum
639 710 860 773 interdictum
885 718 1026 793 propter
1045 703 1237 772 ¹Botildam
1263 708 1355 788 regi-

403 829 495 885 nam,
529 829 631 891 quam
666 829 728 872 rex
764 810 976 873 Francorum
1012 809 1211 886 dimiserat3
1249 816 1356 890 atque

404 909 561 990 protinus
590 915 669 990 post
694 908 994 990 desponsationem
1024 907 1229 971 Lodowicus
1255 907 1358 970 duxit

406 1006 563 1071 Parisius
588 1026 752 1089 sponsam
772 1027 870 1070 suam
887 1008 921 1070 in
939 1007 1062 1070 laetitia
1085 1014 1120 1069 et
1140 1006 1358 1069 exultatione

406 1114 475 1170 tam
491 1106 572 1170 cleri
589 1125 692 1188 quarn
711 1107 830 1188 populi
847 1107 1027 1188 utriusque
1045 1106 1153 1187 regni.

474 1278 516 1341 Ut
532 1300 585 1341 rec
598 1279 753 1343 lohannes
772 1278 874 1343 [sabel
887 1280 1026 1365 rapinam
1041 1280 1278 1365 desponsaverit.

450 1393 578 1457 Eodem
594 1402 760 1476 tompore,
771 1388 961 1458 ²celebrato
972 1395 1122 1458 divortio
1133 1395 1223 1457 inter
1238 1414 1355 1475 regem

406 1490 599 1573 Anglorum
630 1501 665 1556 et
687 1513 830 1557 uxorem
862 1513 959 1556 suam
996 1494 1188 1568 IIawisam‚
1220 1495 1357 1556 comitis

406 1591 605 1654 Gloverniae
631 1592 749 1668 tiliam,
773 1613 813 1657 eo
830 1593 922 1674 quod
938 1592 1056 1657 affines
1074 1599 1173 1656 erant
1189 1593 1225 1654 in
1249 1593 1354 1656 tertio

405 1690 515 1771 gradu
542 1692 865 1772 consanguinitatis,
887 1693 990 1756 duxit
1007 1692 1097 1757 idem
1118 1712 1192 1768 rex,
1209 1691 1355 1755 consilio

405 1791 497 1869 regis
519 1790 741 1866 Francorum,
759 1790 887 1867 isabel,
909 1791 1015 1855 liliam
1034 1792 1169 1855 comitis
1194 1791 1356 1873 Engolis-

405 1889 463 1965 mi,
484 1909 586 1971 quarn
610 1892 705 1972 prius
728 1899 927 1973 susceperat
950 1891 985 1953 in
1010 1911 1107 1954 suam
1131 1890 1251 1973 Hugo,
1274 1910 1358 1972 cog·

405 1996 567 2051 nomento
590 1989 740 2064 BrunuS,
763 2009 877 2053 comes
905 1990 1093 2067 Marehiae3
1127 2010 1205 2072 quae
1229 1991 1355 2072 copula
1434 2020 1437 2025 ·

405 2087 622 2168 postmodum
647 2089 718 2168 regi
747 2096 782 2151 et
807 2109 913 2169 regno
938 2087 1077 2170 Angliae
1099 2108 1225 2171 magno
1248 2090 1356 2152 detri-

405 2193 521 2249 mento
537 2185 613 2249 fuit.
667 2186 742 2249 Nec
759 2188 868 2251 multo
889 2197 979 2270 post,
1002 2189 1286 2252 convenientibus
1309 2189 1354 2251 ad

405 2283 613 2366 colloquium
651 2285 742 2368 apud
768 2286 964 2351 Vernonem
992 2288 1143 2369 regibus
1177 2287 1356 2351 Arthurus

406 2383 532 2446 ibidem
560 2383 642 2448 fecit
666 2384 863 2466 homagium
890 2387 964 2468 regi
990 2385 1185 2467 Anglorum
1209 2386 1251 2450 de
1279 2387 1357 2449 Bri·

406 2483 526 2546 tannia
552 2490 587 2546 et
613 2482 689 2547 aliis
716 2485 817 2547 terris
835 2487 919 2560 suis,
948 2486 1007 2549 scd
1035 2487 1159 2549 timens
1188 2485 1355 2567 proditio-

406 2601 483 2645 nem
509 2583 600 2664 regis
625 2582 798 2647 Johannis
827 2585 991 2649 remansit
1016 2585 1051 2648 in
1078 2585 1236 2650 custodia
1260 2586 1354 2666 regis

408 2680 630 2746 Francorum.

404 2854 597 2920 Mandat-um
611 2858 752 2932 Domini,
768 2856 849 2941 quod
863 2857 944 2920 oen-it
960 2856 997 2920 de
1012 2857 1081 2920 celo
1101 2857 1136 2920 iu
1152 2855 1355 2947 Hierusalem

617 2956 654 3018 de
668 2954 869 3019 observatione
883 2955 947 3019 diei
961 2956 1140 3022 Damio-icc.

244 3081 393 3122 betteronthe
456 3069 558 3133 Circa
584 3068 657 3133 dies
679 3071 766 3133 istos
789 3063 953 3153 ³cpistola
975 3071 1018 3135 de
1040 3071 1126 3135 caelo
1153 3072 1294 3135 veniens
1319 3073 1354 3134 in

241 3134 370 3172 amerianae

243 3234 290 3280 day.

243 3180 393 3221 osrhemrd’·
407 3166 627 3231 Hierusalem
652 3188 806 3251 appensa
831 3179 885 3234 est
907 3189 1011 3252 super
1033 3171 1143 3234 altare
1165 3172 1277 3235 sancti
1302 3171 1357 3234 Si·

406 3267 537 3329 meonis
560 3268 595 3329 in
617 3267 807 3349 Golgotha,
830 3270 888 3333 ubi
911 3270 1097 3333 crucifixus
1120 3278 1173 3334 est
1195 3270 1357 3334 Christus

406 3385 469 3446 pro
495 3366 728 3449 redemptione
753 3368 883 3444 mundi,
910 3387 1013 3449 quam
1040 3389 1101 3450 per
1126 3377 1196 3432 tres
1222 3368 1295 3432 dies
1321 3377 1357 3432 et

406 3465 549 3529 totidem
572 3474 692 3530 noctes
715 3466 870 3531 homines
888 3487 932 3530 ex
948 3468 1019 3531 alto
1034 3468 1283 3550 dependentem
1302 3488 1358 3531 as-

406 3565 573 3645 picientes
588 3573 791 3629 corruerunt
807 3566 841 3628 in
861 3574 999 3642 terram,
1026 3579 1189 3647 rogantes
1214 3567 1356 3631 Domini

407 3664 686 3740 misericordiam,
703 3674 742 3729 ut
758 3666 832 3747 ipse
847 3666 896 3728 eis
912 3666 1113 3747 dignaretur
1126 3685 1223 3729 suam
1242 3674 1359 3730 osten-

407 3762 490 3827 dere
518 3764 753 3841 voluntatem3
795 3763 850 3827 die
875 3784 957 3828 vero
986 3765 1102 3840 tertio,
1131 3773 1211 3847 post
1235 3765 1356 3828 horam

407 3861 473 3925 diei
489 3864 637 3938 tertiam,
655 3863 766 3926 erexit
788 3882 825 3926 se
848 3865 891 3925 ah
918 3864 1075 3927 oratione
1100 3864 1300 3945 patriarcha
1322 3873 1358 3928 et

442 4016 627 4088 ¹Botildum.]
663 4022 697 4069 So
727 4021 866 4081 Hoveden3
926 4018 1072 4071 'Celebrate
1091 4021 1217 4087 divortia]
1243 4023 1312 4075 Ibid.
1330 4040 1357 4086 p.

406 4089 451 4139 her
478 4091 531 4139 real
559 4106 641 4150 name,
670 4090 796 4150 however,
813 4107 868 4140 was
891 4095 949 4140 803.

404 4155 592 4221 ‘ingelberga'
610 4161 736 4222 daughter
753 4161 783 4209 os
799 4162 867 4210 ll'al·
926 4157 1060 4223 ³Epirtolu
1082 4162 1111 4208 de
1135 4162 1193 4209 celo
1221 4163 1357 4227 venitm]

404 4228 492 4277 demar
502 4230 524 4279 1.
537 4229 600 4291 king
610 4229 640 4279 oi
648 4230 787 4279 Denmark.
893 4229 1025 4291 Hoveden,
1036 4244 1062 4289 p.
1074 4233 1132 4279 821.
