2970 5016
184 616 240 657 ΛᾸ).
250 618 307 679 Ιῐθξ.

184 1599 306 1640 nnana

184 1648 277 1689 annm
288 1650 322 1689 ur

184 1697 290 1748 arrum

183 1752 268 1787 return·
276 1749 299 1787 tc

185 1796 288 1846 2⁰81*st

346 429 389 494 80
602 445 735 494 noorai
761 446 807 492 nu
829 443 1036 493 wannovnu

344 603 381 666 in
398 601 550 666 crastino
566 602 678 664 sancti
696 599 867 664 Leouardi
881 601 917 664 iu
936 618 1001 662 sna
1022 597 1103 662 sede
1118 605 1172 661 est
1187 597 1295 661 collo-

345 707 469 778 catus;
494 700 593 782 cujus
619 699 810 774 industriae,
834 717 879 760 ex
903 703 1078 779 praecepto
1111 696 1204 776 regis
1226 696 1294 759 Ri-

345 797 476 872 chardi,
504 817 649 878 regnum
679 796 818 877 Angliae
849 802 885 857 et
926 795 1002 877 ejus
1040 793 1294 857 administratio

345 896 529 958 commissa
568 902 633 971 est,
672 901 786 958 amoto
816 892 988 969 Waltero,
1019 890 1295 970 Rothomagensi

345 992 616 1074 archiepiscopo,
648 992 709 1073 qui
739 996 884 1056 vocatus
915 1009 937 1052 a
978 1009 1058 1070 rege
1088 989 1227 1052 transiit
1257 987 1291 1049 in

347 1090 600 1166 Alemanniam,
625 1109 703 1153 cum
727 1108 797 1171 quo
819 1093 855 1151 et
876 1087 996 1168 regina
1017 1086 1162 1150 Alienor
1183 1092 1295 1148 mater

347 1188 439 1268 regis
456 1188 676 1269 proficiscens
692 1186 800 1249 filium
815 1184 931 1250 videre
947 1184 1146 1249 maturavit.

393 1362 436 1427 Ut
449 1383 502 1428 rea
516 1318 698 1428 libhardus
713 1383 735 1426 a
748 1382 871 1475 carcere
884 1359 1077 1426 literatorie
1092 1359 1247 1446 Acyllam

752 1467 879 1523 cenaret.

395 1580 498 1647 Anno
520 1583 713 1647 Dominicae
735 1580 929 1646 nativitatis
958 1574 1209 1644 mcx01V.¹rex
1227 1582 1290 1646 Ri-

345 1679 505 1758 chardus,
514 1682 667 1745 maxima
676 1680 751 1763 jam
767 1687 865 1762 parte
876 1697 950 1742 snae
960 1680 1204 1763 redemptionis
1215 1699 1290 1762 per-

345 1778 471 1855 soluta,
494 1778 739 1860 obsidibusque
756 1777 847 1842 datie
869 1797 933 1859 pro
951 1785 1063 1858 parte,
1080 1796 1158 1859 qnae
1181 1786 1289 1841 resta·

348 1877 407 1940 bat
427 1875 605 1952 solvenda,
627 1875 682 1939 die
703 1874 951 1957 purificationis
972 1876 1084 1939 beatae
1101 1874 1225 1939 Mariae
1248 1877 1292 1938 ab

345 1974 439 2037 omui
460 1973 618 2037 custodia
639 1974 857 2055 imperatoris
878 1972 965 2036 liber
985 1972 1127 2037 effectus
1147 1973 1291 2055 permis-

345 2089 406 2133 sus
420 2076 474 2133 est
489 2070 600 2135 redire
618 2070 662 2133 ad
678 2090 845 2152 regnum3
868 2070 940 2152 qui,
956 2088 1035 2133 cnm
1050 2078 1160 2134 matre
1176 2078 1291 2134 suaet

345 2166 550 2231 cancellario
572 2188 635 2251 per
660 2177 787 2232 terram
811 2168 909 2231 ducis
937 2167 1104 2232 Lovauiee
1126 2168 1170 2231 ad
1197 2187 1292 2231 mare

344 2264 582 2329 Britannicum
607 2266 823 2346 perveniens,
849 2266 884 2328 in
911 2264 966 2328 die
985 2259 1187 2329 ²Dominica
1211 2273 1291 2348 post

343 2363 471 2426 festum
486 2364 598 2426 sancti
615 2361 776 2443 Gregorii
796 2363 946 2444 proximi
967 2364 1004 2425 in
1026 2362 1192 2445 Angliam
1213 2383 1290 2426 cum

343 2460 478 2541 ingenti
512 2461 664 2524 omnium
706 2460 833 2541 gaudio
870 2461 914 2524 ad
949 2469 1087 2542 portnm
1123 2461 1291 2543 applicuit

343 2556 633 2623 Sandwicenscm.
680 2557 781 2622 Hora
804 2565 932 2635 antem,
950 2577 1020 2640 qna
1043 2578 1105 2622 rex
1120 2578 1200 2622 cum
1217 2559 1290 2622 suis

344 2655 523 2738 applicuit,
535 2656 622 2721 hora
637 2656 770 2721 scilicet
791 2656 860 2719 diei
880 2656 1045 2734 secunda,
1064 2656 1137 2720 sole
1161 2657 1289 2720 clarius

342 2754 519 2832 rutilante,
549 2755 710 2838 apparuit
740 2752 903 2837 splendor
939 2754 1079 2836 quidam
1110 2755 1288 2819 screnissi-

343 2869 420 2914 mus
454 2860 489 2916 et
518 2852 692 2928 insolitus,
721 2871 791 2915 non
820 2851 957 2933 longius
982 2871 1005 2915 a
1034 2853 1108 2916 sole
1135 2861 1289 2916 remotus

342 2966 447 3029 quam
477 2948 522 3011 ad
555 2948 806 3028 longitudinem
835 2956 871 3013 et
904 2948 1121 3013 latitudinem
1149 2950 1289 3013 humani

341 3045 508 3127 corporis,
541 3045 722 3108 candorem
756 3046 988 3128 perfulgidum
1020 3055 1126 3130 atque
1153 3048 1288 3112 rubedi-

343 3160 421 3205 nem
449 3142 549 3223 quasi
583 3143 714 3225 species
741 3145 802 3207 iris
830 3144 972 3223 habens,
999 3165 1102 3227 quem
1128 3145 1289 3227 splendo-

343 3258 416 3301 rem
448 3238 565 3321 plnres
600 3241 774 3305 intuentes
803 3243 1073 3325 pronuntiabant
1103 3261 1223 3324 regem
1253 3245 1288 3306 in

342 3334 508 3416 Angliam
525 3336 597 3402 fore
619 3340 814 3421 appulsum.
867 3340 947 3403 Rex
970 3348 1085 3404 antem
1107 3340 1288 3405 confestim

344 3432 567 3499 Cantherium
588 3438 763 3518 profectus
787 3439 927 3501 beatum
948 3438 1118 3502 Thomam
1142 3437 1289 3503 devotus

341 3533 487 3613 petivit;
510 3533 633 3598 deiude
656 3535 855 3599 Londonias
871 3536 1015 3600 veniens
1036 3556 1113 3600 cum
1137 3539 1290 3600 maxima

341 3629 474 3694 laetitiae
506 3651 633 3713 pompa
664 3641 830 3715 exceptus
857 3642 920 3711 est,
946 3634 1113 3698 'universa
1147 3634 1290 3700 civitate

341 3734 463 3791 contra
481 3729 574 3809 regis
593 3730 779 3794 adveutum
801 3732 1102 3797 innumerabilium
1119 3732 1289 3797 varietate

377 3943 451 3996 ¹Rea
460 3948 619 4012 Romu]
637 3949 804 4015 chgeehale,
865 3950 1010 4003 ’Βοηιίηἰω
1027 3954 1187 4016 peetsestrmr
1209 3954 1290 4002 nacti

341 4018 408 4077 0⁸⁰3
426 4017 804 4084 Newburgh,r⁴r;}10veden,
832 4023 971 4086 Gregorii]
993 4023 1047 4071 The
1069 4023 1128 4071 ltlth
1145 4022 1175 4070 of
1191 4022 1291 4071 March.

341 4087 398 4134 ⁷³⁵.
829 4091 987 4152 Ooggeshale
1006 4093 1079 4141 alone
1103 4093 1227 4140 mentione
1249 4090 1291 4139 the

828 4160 887 4207 risit
898 4165 924 4208 to
934 4161 976 4209 the
988 4161 1072 4209 shrine
1084 4159 1113 4210 of
1121 4160 1227 4210 Bechet.
