2970 5016
436 500 575 550 anonae
599 501 870 553 ursronmanu.
1080 493 1123 557 55

171 665 371 722 statuerunt
394 657 679 740 irrefragabiliter
703 659 984 742 Hierosolymam
1013 662 1119 728 adire.
1135 680 1258 724 unua

171 749 342 839 Cumque¹
369 776 431 821 rex
459 757 654 821 Richardus
678 777 755 822 cum
778 761 941 823 universo
965 763 1120 826 exercitu

169 875 233 919 sno
254 857 468 938 pervenisset
488 856 532 919 ad
548 856 872 921 Castrum-Ernaldi
894 866 929 921 et
945 859 1120 925 Bethono·

170 956 225 1036 ple
243 955 351 1038 juxta
366 956 508 1032 Emaus,
532 975 611 1019 ecce
634 956 775 1037 quidam
798 957 988 1034 Bedewini,
1003 960 1063 1041 qui
1080 980 1118 1024 se

168 1055 242 1135 regi
272 1054 523 1136 obligaverant,
555 1056 716 1118 nuntiant
744 1057 931 1120 maximam
961 1059 1117 1123 multitu·

167 1152 280 1216 dinem
299 1153 554 1234 negotiatorum
574 1173 618 1216 cx
640 1153 836 1236 Babylonia
850 1174 970 1218 versus
988 1156 1116 1222 Hiero·

167 1252 334 1335 solymam
362 1252 503 1316 tendere
528 1272 606 1315 cum
632 1261 764 1334 septem
790 1253 953 1317 millibus
966 1256 1114 1321 camelo·

167 1370 241 1413 rum
272 1350 417 1415 diversis
447 1351 570 1434 opibus
601 1352 749 1427 onustis,
775 1359 810 1414 et
837 1352 926 1416 banc
956 1374 1114 1418 numero·

166 1449 303 1514 sitatem
324 1450 389 1513 viri
411 1452 538 1533 quique
564 1450 793 1514 strenuissimi
816 1450 993 1514 Salaadini
1017 1473 1116 1518 exer-

166 1549 256 1612 citus
287 1550 389 1613 electi
419 1550 682 1627 conducebant3
717 1549 843 1631 quibus
868 1569 945 1612 cum
969 1571 1031 1614 rex
1054 1553 1114 1616 ob-

166 1648 258 1710 viam
289 1649 514 1729 processisset
553 1668 629 1712 cum
671 1648 791 1731 paucis
825 1650 979 1725 armatis,
1006 1651 1113 1733 juxta

167 1746 525 1811 Rubeam-cisternam
565 1767 684 1813 omues
718 1748 915 1829 occupavit,
944 1750 1112 1813 camelos·

166 1865 233 1927 que
264 1867 342 1910 cum
370 1848 442 1910 suis
470 1848 632 1910 oneribus
657 1847 821 1928 diripiens
849 1848 1017 1911 exercitui
1047 1868 1111 1913 suo

163 1965 241 2008 cum
279 1964 409 2027 magna
446 1946 655 2010 liberalitate
691 1946 880 2022 distribuit,
915 1945 1036 2010 deinde
1066 1948 1110 2012 ad

162 2044 345 2126 praefatum
376 2052 527 2108 castrum
556 2045 753 2126 regrediens
781 2045 978 2125 praesidium
999 2066 1112 2111 arma-

164 2152 276 2206 torum
293 2145 328 2207 in
344 2144 490 2226 singulis
513 2143 714 2209 civitatibus
729 2152 764 2208 et
779 2145 902 2208 castris
924 2145 1111 2226 prudenter

162 2243 357 2307 collocavit.

180 2414 229 2477 Do
242 2414 380 2499 quodum
394 2413 533 2491 mutare,
550 2415 714 2499 quaesuoit
730 2415 929 2493 Christiania,
935 2416 1095 2502 precipuo

507 2514 573 2599 rapi
587 2514 759 2579 Biclardo.

212 2631 310 2702 Rex²
334 2644 451 2702 autem
477 2638 673 2702 Richardus
699 2658 777 2701 cum
804 2639 922 2722 praeda
947 2639 1109 2702 universa
1121 2658 1236 2759 333eq

160 2737 201 2800 ad
216 2736 569 2802 Castellum-Ernaldi
583 2738 695 2801 victor
709 2738 812 2801 laetus
828 2757 998 2814 reversus,
1014 2737 1107 2819 quod
1119 2759 1228 2857 32qu

160 2838 204 2899 ab
229 2836 450 2900 Hierusalem
472 2837 583 2899 tribus
605 2843 741 2900 tautum
763 2836 872 2899 distat
892 2836 1106 2909 milliaribus,
1118 2859 1219 2897 remma

158 2936 315 3017 singulos
338 2942 497 3017 potentes
520 2936 705 3014 diligenter
727 2935 943 3012 adhortatur,
963 2941 1002 2999 ut
1018 2908 1242 3005 Hic-iffi&

159 3035 366 3117 rosolymam
379 3035 507 3098 adeant
521 3042 556 3097 et
570 3034 769 3113 obsideant3
786 3035 866 3098 dum
878 3041 977 3098 tanta
992 3054 1106 3098 rerum

159 3133 310 3197 omnium
336 3134 450 3216 copia,
468 3134 669 3197 victualium
693 3133 826 3198 scilicet
847 3142 884 3198 et
905 3135 1105 3198 animalium

158 3234 202 3297 ad
224 3233 448 3298 subvehenda
471 3252 589 3309 onera,
614 3235 664 3298 eis
692 3233 857 3315 suppetit,
885 3234 1106 3298 memorando

158 3341 290 3415 quauta
309 3333 475 3397 beneficia
501 3332 570 3395 illis
597 3334 631 3396 iu
653 3352 717 3396 sua
740 3334 1016 3414 peregrinatione
1036 3334 1105 3397 cle·

157 3434 287 3496 mentia
302 3430 421 3496 divina
437 3432 633 3495 contulerit.
686 3430 863 3495 Praeterea
885 3452 954 3495 non
977 3432 1105 3495 medio-

157 3532 260 3595 criter
279 3551 394 3612 regem
410 3531 588 3595 animabat
606 3531 729 3594 mulier
748 3531 907 3613 quaedam
931 3529 1105 3611 religiosa,

158 3632 297 3695 natione
325 3631 424 3714 Syra,
457 3630 493 3692 in
523 3629 666 3695 civitate
698 3629 1018 3712 Hierosolymitana
1046 3628 1106 3691 de·

157 3750 255 3810 gens,
281 3748 359 3812 quae
387 3730 461 3810 regi
487 3729 603 3793 omnia
630 3729 782 3793 civitatis
808 3736 942 3792 secreta
964 3726 1105 3790 manda-

156 3834 266 3905 verat,
289 3828 506 3911 qualiterque
533 3848 652 3892 omnes
675 3828 838 3892 Saraceni
861 3827 970 3891 timidi
993 3827 1104 3890 effecti

189 3997 197 4029 ¹
209 3999 336 4062 Cumque]
349 3998 617 4061 Viusauf,p.1t⁰5‚seq.
644 3998 674 4048 ot'
682 4000 708 4048 S.
716 3999 784 4047 John
796 3998 838 4047 the
851 3998 962 4058 Baptist,
971 3997 1040 4045 June
1055 4000 1105 4057 233

155 4069 279 4119 floveden
294 4083 363 4130 mys,
381 4068 436 4117 that
452 4068 494 4117 the
510 4082 618 4117 caravau
645 4084 671 4131 p.
683 4072 740 4118 716.

153 4154 208 4187 was
220 4138 335 4201 guarded
347 4140 380 4198 by
395 4139 482 4187 eleven
493 4138 618 4186 thousand

153 4209 236 4270 horse,
253 4208 303 4257 and
322 4207 377 4256 that
395 4208 437 4257 the
457 4208 542 4257 uttack
564 4223 619 4255 was
680 4202 777 4270 ²Rex.]
797 4207 894 4267 Nearly
905 4205 1025 4255 verbatim
1043 4203 1105 4255 from

153 4276 228 4328 made
240 4293 273 4328 on
283 4277 327 4327 the
338 4276 401 4339 vigil
412 4278 440 4327 ol
452 4277 494 4327 the
511 4278 617 4339 nativity
644 4275 814 4339 Goggmbale,
824 4276 871 4327 col.
879 4279 936 4327 821.
