2970 5016
246 654 302 696 Μ).
313 656 369 697 trec.

406 466 472 531 108
656 482 789 530 nocsnr
817 480 866 528 ns
887 480 1097 530 wranovna

407 640 511 704 tionis
533 647 678 703 mortem
698 636 837 714 subire;
862 656 942 701 nam
965 636 1066 700 modo
1088 644 1124 700 et
1145 657 1294 719 semper,
1313 658 1359 702 ex

242 708 476 821 ffi‘dincquo
504 737 571 801 hiis
596 739 710 820 poenis
740 738 905 800 subactus
931 736 993 811 fui,
1021 755 1099 798 cum
1121 737 1274 817 graviori
1296 757 1362 801 an-

246 808 361 849 Eranam.

406 839 514 919 gebat
537 837 719 919 supplicio,
744 836 855 918 ipsius
884 854 961 897 sum
986 834 1182 899 visitatione
1207 836 1360 899 clemen-

407 937 541 1000 tissima
558 943 743 999 recreatus.
796 932 840 996 In
862 932 1016 997 aurificio
1034 940 1162 1010 autem,
1177 953 1247 1016 quo
1264 934 1360 998 frau-

406 1035 467 1099 des
491 1036 527 1098 in
553 1034 669 1098 seculo
693 1050 938 1112 nonnunquam
961 1033 1127 1109 commisi,
1149 1052 1241 1096 nunc
1264 1042 1360 1098 atro-

407 1135 543 1198 cissime
567 1134 639 1209 luo,
668 1132 748 1195 dum
770 1130 968 1211 frequenter
992 1131 1028 1193 in
1054 1131 1227 1194 cumulum
1257 1152 1358 1195 num-

407 1252 539 1296 morum
577 1231 771 1296 ardentium
816 1228 1053 1312 praecipitatus
1093 1229 1357 1295 intolerabiliter

407 1351 546 1407 exuror,
568 1331 731 1412 ipsosque
751 1328 910 1392 denarios
928 1328 1057 1410 ignitos
1079 1347 1137 1392 ore
1158 1348 1281 1393 vorare
1305 1329 1358 1393 hi-

407 1431 481 1494 anti
508 1429 704 1512 srequenter
729 1428 928 1511 compellor,
951 1446 1029 1509 quac
1052 1428 1167 1491 omnia
1193 1429 1359 1492 interiora

406 1549 483 1593 mea
504 1530 735 1606 comburunt3
764 1528 892 1609 saepius
923 1527 1065 1607 insuper
1085 1545 1145 1589 eos
1172 1547 1355 1592 numerare

406 1636 575 1705 coarctor,
601 1646 646 1691 ex
679 1627 804 1709 quibus
834 1626 962 1706 digitos
994 1644 1185 1709 manusque
1213 1647 1358 1710 pessun-

406 1726 507 1790 datos
538 1745 593 1789 me
618 1725 744 1788 habere
771 1724 937 1788 condoleo
959 1731 995 1788 et
1022 1724 1242 1790 combustos?
1295 1726 1355 1789 In·

407 1825 533 1908 quisivi
558 1824 706 1905 denique
728 1824 772 1887 ab
795 1843 849 1901 eo,
870 1823 901 1886 si
923 1823 1078 1886 homines
1098 1825 1222 1904 quovis
1247 1844 1359 1889 remc-

406 1923 553 1988 dictam
576 1923 782 1987 horrendum
805 1930 948 2004 possent
969 1922 1100 1985 evitare
1122 1923 1353 2005 supplicium

406 2023 451 2087 ad
474 2021 565 2105 quod
592 2022 650 2084 illc
676 2022 854 2104 suspirans
878 2021 940 2098 ait,
970 2019 1030 2083 ‘Si
1054 2022 1208 2102 quotidie
1229 2024 1357 2086 scribe-

406 2128 484 2185 rent
507 2122 545 2184 in
573 2119 742 2183 frontibus
776 2128 811 2183 et
842 2121 934 2184 circa
964 2119 1077 2182 locum
1106 2120 1217 2184 cordis
1244 2121 1356 2202 digito

406 2219 447 2283 ‘J
450 2238 529 2283 esus
547 2218 751 2282 Nazarenus
767 2237 827 2283 rex
846 2218 870 2282 J
872 2217 1071 2295 udaeorum,’
1083 2217 1200 2282 fideles
1217 2221 1357 2302 procul·

406 2317 511 2383 dubio
536 2324 823 2382 conservarentur
843 2318 1023 2393 immunes,
1046 2325 1184 2400 etpost
1208 2327 1356 2383 mortem

407 2417 484 2482 loca
500 2417 577 2500 ipsa
591 2416 714 2480 decore
729 2416 919 2480 clarissimo
934 2417 1179 2480 coruscarent!
1213 2417 1304 2482 Haec
1320 2428 1356 2483 et

406 2516 476 2580 alia
497 2516 667 2580 multaab
689 2517 757 2579 isto
774 2515 911 2595 audivi;
932 2514 993 2579 sed
1015 2515 1060 2578 ad
1086 2514 1155 2580 alia
1174 2516 1357 2580 scribenda

406 2615 622 2693 festinantes,
637 2635 715 2698 quae
729 2614 831 2679 modo
847 2614 941 2679 dicta
957 2621 1052 2692 sunt,
1069 2612 1263 2680 sufficiant.’

404 2858 408 2865 ,
505 2788 555 2852 Dc
572 2789 659 2852 tertio
675 2789 737 2852 loco
743 2786 867 2872 poenoli
881 2796 909 2852 et
924 2785 1095 2871 multiplici
1108 2786 1256 2850 commate

766 2894 994 2950 tormentorum.

420 3005 422 3009 ’
457 3008 740 3091 ‘Relinquentes‚
763 3030 828 3091 ego
851 3010 984 3074 scilicet
1008 3016 1043 3073 et
1064 3010 1136 3074 dux
1155 3029 1264 3087 meus,
1279 3008 1355 3094 jam

403 3107 533 3170 dictam
551 3127 630 3171 vcre
653 3106 906 3190 lachrymarum
922 3109 1060 3185 vallem,
1078 3128 1181 3191 quam
1202 3111 1355 3174 secundo

404 3204 577 3268 adivimus
607 3206 695 3283 loce,
728 3209 947 3289 pervenimus
978 3208 1023 3270 ad
1054 3227 1212 3290 campum
1242 3210 1355 3271 maxi·

405 3321 498 3366 mum
524 3304 560 3366 in
589 3304 745 3369 demerso
774 3306 923 3388 quodam
951 3314 1053 3369 terrae
1077 3308 1207 3388 gremio
1236 3309 1355 3384 sitnm,

405 3395 480 3484 qui¹
509 3404 552 3466 ab
581 3405 750 3468 universis
779 3413 906 3487 practer
936 3412 1084 3469 tortores
1118 3406 1291 3469 daemones
1320 3414 1356 3469 et

405 3502 537 3565 animas
568 3510 678 3566 tortas
715 3511 952 3586 sequestratus
983 3505 1165 3567 videbatur
1200 3524 1354 3568 accessu.

405 3600 562 3682 Tegebat
594 3611 710 3666 autem
738 3602 956 3684 superficiem
982 3602 1075 3666 illius
1108 3603 1213 3666 chaos
1244 3605 1357 3667 maxi·

404 3718 497 3762 mum
523 3701 696 3781 quoddam
721 3709 756 3764 et
782 3701 991 3779 horrificum,
1019 3721 1088 3784 quo
1117 3704 1279 3785 permixti
1302 3723 1355 3765 ro-

403 3800 567 3862 tabantur
593 3798 708 3862 fumus
737 3799 943 3882 sulphureus
970 3808 1005 3863 et
1030 3801 1256 3865 intolerabilis
1292 3821 1353 3864 ne-

403 3896 485 3960 bula
511 3897 646 3961 soetoris
672 3918 750 3960 cum
777 3898 916 3963 flamma
942 3900 1041 3980 picea
1070 3900 1249 3981 nigredine
1276 3919 1357 3982 per-

402 3997 525 4072 mixta,
553 4015 631 4078 quac
661 3998 828 4060 montium
857 3999 968 4062 instar
996 3998 1077 4061 hinc
1107 3999 1186 4062 inde
1215 4017 1355 4061 consur-

438 4169 510 4226 ¹Qui
528 4205 535 4221 .
554 4208 561 4222 .
579 4206 586 4222 .
604 4174 730 4236 ccccm]
758 4174 810 4222 ‘Et
831 4175 864 4222 ab
891 4188 977 4223 mones
989 4179 1014 4222 et
1024 4174 1158 4222 animabus
1168 4175 1240 4223 tortis
1252 4190 1357 4236 seques·

401 4240 572 4290 universorum
590 4247 683 4303 praeter
693 4246 799 4291 tortores
810 4242 863 4291 dae·
890 4247 970 4291 tratas
983 4243 1116 4292 videbatur
1132 4240 1249 4294 accessu'
1258 4244 1284 4292 in
1296 4245 1356 4295 MS.
