2970 5016
397 489 537 539 riorus
560 491 832 541 nrsronrsnunr.
1023 478 1089 543 ise

133 663 303 727 pauperes
320 646 527 711 studuerunt
548 655 694 729 peccata
712 647 879 712 redimere
891 648 974 713 dnm
989 650 1085 714 vive·
1098 667 1154 707 nn.
1164 669 1223 708 im.

132 743 230 820 bant,
249 744 285 807 bi
308 745 481 823 nimirum,
496 764 576 809 cum
592 745 635 810 ad
652 753 792 828 pontem
807 746 991 827 pressatum
1007 767 1083 829 per·
1097 717 1213 807 ΜΨ

132 842 301 918 venerint,
324 845 474 908 tmnsire
492 844 670 926 cupientes
688 844 733 908 ad
753 845 906 927 requiem
931 845 1084 911 destina·

132 947 216 1016 tam,
233 941 334 1004 nudis
350 942 495 1024 pedibus
510 961 572 1024 per
583 943 686 1007 sudes
703 949 739 1007 et
753 944 872 1009 clavos
889 952 1083 1025 praeacutos

131 1045 167 1101 et
189 1039 287 1119 ponti
316 1039 440 1104 affixos
467 1040 569 1105 nimis
596 1041 798 1122 angustiose
823 1042 1005 1121 incedunt3
1036 1051 1083 1121 et,

130 1155 210 1200 cnm
242 1139 479 1203 vehementem
503 1139 633 1205 doloris
663 1139 853 1205 ernestum
885 1141 922 1204 in
951 1141 1081 1224 plantis

130 1234 257 1315 pedum
269 1235 400 1301 diutius
416 1237 567 1320 perferre
583 1244 771 1319 nequeunt,
786 1257 909 1305 manus
927 1258 1010 1304 suas
1026 1259 1081 1305 su-

132 1351 194 1414 per
209 1334 327 1398 clavos
342 1328 458 1417 ¹qnasi
477 1334 664 1419 adjutrices
680 1335 869 1399 deficiendo
887 1338 1081 1418 imponunt,

131 1432 257 1512 quibus
281 1433 375 1497 illico
387 1433 584 1516 perforatis,
599 1453 645 1496 ex
661 1434 697 1496 vi
713 1432 841 1496 doloris
856 1442 892 1498 et
908 1436 1080 1516 angustiae

130 1538 251 1594 ventre
270 1550 313 1595 ac
337 1539 412 1595 toto
432 1550 576 1614 corpore
598 1531 701 1595 mmul
723 1550 828 1613 super
850 1531 968 1596 clavos
985 1533 1081 1597 volu·

130 1635 246 1692 tantos
267 1630 436 1710 paulatim
458 1630 502 1693 ad
525 1631 642 1712 pontis
668 1630 832 1694 ulteriora
853 1638 978 1712 repunt
997 1630 1080 1695 bor-

129 1726 274 1795 ribiliter
286 1727 461 1793 cruentati
477 1735 512 1793 et
528 1747 573 1792 ex
589 1728 683 1792 omni
698 1735 798 1811 parte
812 1727 983 1804 transfixi,
1006 1729 1080 1805 sed,

130 1843 207 1886 cnm
225 1826 270 1889 ud
296 1826 423 1891 atrium
447 1826 602 1890 eeclesiae
622 1826 821 1910 jamdictae
848 1827 1079 1909 pervenerint,

128 1920 262 1986 felicem
295 1925 474 1988 introitum
500 1924 626 1988 ibidem
654 1924 897 2006 praestolantes
926 1926 1079 1990 omnium

130 2019 381 2089 vehementiam
398 2023 614 2087 cruciatuum
630 2023 771 2086 minime
786 2022 1023 2088 recordantur.

147 2189 192 2255 Ut
203 2204 328 2257 samse
341 2195 483 2261 Melani
497 2204 526 2261 ei
538 2194 671 2281 apostoli
688 2195 803 2258 Petrus
817 2202 845 2257 et
860 2192 986 2259 Paulus
998 2193 1064 2261 lesa

196 2291 362 2362 animales
376 2293 559 2378 lsrpiasier
571 2291 633 2357 eibi
649 2293 802 2357 divisim
818 2292 1009 2375 {ordinata}

173 2411 242 2477 His
255 2415 362 2496 igitur
378 2416 555 2499 inspectis,
568 2415 714 2480 redeunt
726 2414 838 2479 denuo
853 2434 917 2496 per
929 2415 1078 2482 medium

128 2509 277 2577 flamme
303 2522 444 2578 mnetns
466 2514 630 2579 Julianus
651 2521 687 2578 et
708 2513 762 2577 vir
784 2512 843 2577 ille
867 2511 1012 2577 eductus
1034 2514 1078 2576 ad

127 2608 306 2675 basilicam
322 2613 435 2677 beatae
453 2612 586 2689 Mariae,
604 2613 722 2694 ibique
735 2629 814 2675 cum
832 2610 987 2679 candidis
1002 2611 1077 2674 ani·

128 2708 261 2786 mrbus,
277 2729 356 2792 quse
372 2730 480 2792 nuper
495 2710 720 2786 advenerant,
732 2707 983 2786 substiterunt3
1007 2708 1078 2771 ani·

127 2824 262 2889 maeque
281 2807 353 2873 illie
374 2827 396 2872 a
415 2816 539 2873 sancto
563 2808 706 2874 Juliano
728 2814 763 2870 et
783 2813 904 2870 sancto
927 2805 1077 2873 Domnio

126 2921 203 2967 cum
227 2923 322 2988 aqua
338 2906 522 2971 vbenedicte
542 2912 786 3003 asperguntur,
805 2910 845 2968 ut
863 2903 1077 2971 candidiores

127 3001 260 3067 fierent.
312 3004 403 3068 Ecce
425 3006 518 3069 circa
539 3004 660 3069 boram
680 3003 828 3085 primam
847 3001 1077 3069 illucescentis

126 3101 263 3166 sabbati
284 3111 427 3167 sanans
449 3102 602 3167 Michael
622 3100 854 3182 archangelus
877 3107 912 3165 et
936 3106 1077 3182 aposto·

126 3197 151 3260 li
175 3198 302 3263 Petrus
325 3209 361 3265 et
377 3201 522 3277 Paulus,
544 3213 585 3265 nt
605 3200 797 3275 animabus,
824 3218 903 3280 quae
926 3199 1020 3269 intus
1041 3205 1077 3263 et

126 3304 228 3360 extra
242 3299 422 3363 eeclesiam
438 3306 538 3364 erant
550 3305 784 3380 congregatae,
803 3296 884 3363 losa
905 3296 971 3362 sibi
988 3296 1077 3360 divi·

125 3394 220 3458 nitus
249 3397 409 3461 ordinata
428 3416 493 3480 pro
518 3396 650 3461 meritis
676 3396 905 3476 largirentur3
934 3402 1077 3459 sanctus

125 3493 217 3557 enim
232 3493 383 3559 llicbael
396 3515 515 3560 omnes
533 3495 666 3558 animas
684 3493 848 3559 candidas
866 3510 927 3574 per
946 3491 1076 3555 medius

124 3590 217 3671 ignis
236 3592 394 3658 flammas
411 3593 605 3676 pirgetorii
623 3600 661 3657 et
675 3612 738 3675 per
755 3598 882 3659 ceetera
903 3589 981 3657 loca
1002 3607 1078 3669 poe·

124 3689 219 3754 nalia
246 3691 376 3755 illaesas
402 3692 550 3756 transire
577 3690 659 3754 lecit
680 3708 791 3772 usque
821 3688 866 3753 ad
894 3687 1076 3753 introitum

123 3787 217 3850 illius
233 3808 370 3871 magnae
386 3791 551 3865 basilicae,
573 3808 652 3870 quae
672 3797 728 3852 est
746 3789 785 3853 in
808 3793 924 3853 monte
944 3784 1075 3866 gandii,

124 3884 257 3950 babens
284 3895 421 3970 portam
436 3889 473 3952 in
500 3895 602 3971 perte
619 3885 826 3952 oecideutsli
853 3903 988 3965 semper
1012 3901 1075 3964 pe·

124 3991 254 4050 tentem
271 4004 280 4061 ;
311 3986 444 4050 animas
463 4006 544 4050 vero
564 3985 709 4051 maculis
731 3984 819 4049 albis
842 3990 878 4047 et
894 3982 1001 4061 nigris
1025 4000 1075 4044 re-

303 4198 311 4230 ¹
326 4202 404 4257 Qm'
414 4202 566 4264 «distrimd
583 4202 682 4255 ‘Quasi
694 4196 843 4262 edJurlieerss
857 4201 886 4248 C.

928 4305 945 4337 o
956 4296 972 4339 2
