2970 5016
385 454 524 504 snoans
546 455 817 506 maronianum.
1013 440 1078 507 2⁰1

127 611 280 695 undique
295 612 405 675 clavis
417 610 657 688 candentibus,
672 612 824 693 quinque
839 610 1024 692 digitorum
1041 613 1078 675 in
1090 629 1145 669 an.
1158 631 1214 671 1200.

126 711 377 792 longitudinem
404 711 587 794 protensis,
605 709 790 774 crudeliter
806 729 850 773 ex
865 711 957 774 omni
979 719 1079 793 parte
1091 679 1210 769 &albi

130 810 378 892 torquebatnr3
406 809 535 892 illoque
551 808 601 872 sic
616 810 660 872 ab
675 809 740 873 hoc
757 809 834 873 loco
851 809 981 891 poenali
996 812 1079 874 sub·

126 908 212 985 lato,
240 909 276 970 in
299 908 381 971 sede
398 908 550 991 propria,
576 927 681 990 quam
702 908 768 972 sibi
791 908 912 971 vivens
933 908 1081 973 fabrica·

127 1014 239 1084 verat,
256 1007 429 1088 repositus
443 1015 497 1071 est
512 1006 626 1069 denuo
641 1007 858 1070 cruciandus.

415 1175 464 1239 De
478 1175 612 1260 qaedam
624 1175 787 1241 sacerdota.

180 1298 350 1362 Sacerdos
377 1297 529 1379 quidam,
559 1317 604 1362 ex
637 1299 803 1363 cathedra
828 1318 893 1363 sua
920 1301 1032 1383 ignita
1059 1322 1081 1366 a

131 1397 297 1462 ministris
320 1396 514 1478 iniquitatis
535 1397 571 1458 in
597 1396 662 1459 hoc
686 1397 871 1461 ludibrium
897 1399 1081 1464 crudeliter

130 1504 319 1571 extractus,
344 1514 460 1558 coram
482 1495 589 1559 larvis
609 1495 744 1560 sistitur
766 1498 1006 1573 monstruosis,
1023 1517 1080 1561 cu-

126 1595 186 1679 jus
216 1595 370 1675 linguam
397 1593 558 1676 protinus
586 1613 647 1676 per
670 1594 820 1657 medium
846 1597 933 1659 secti
960 1604 1081 1677 guttu-

132 1695 180 1757 ris
206 1693 375 1758 violenter
405 1692 620 1757 extrahendo
652 1693 816 1757 radicitus
845 1702 1080 1777 amputarunt.

133 1791 205 1856 Hic
241 1791 407 1874 populum
447 1790 513 1854 sibi
557 1793 789 1869 commissum,
828 1812 891 1856 nec
924 1811 1082 1859 sermone

132 1898 263 1954 sanctae
284 1889 550 1964 exhortationis,
565 1909 628 1953 nec
651 1890 812 1973 exemplo
833 1892 901 1974 piar
922 1893 1081 1969 actionis,

132 2009 196 2071 pro
222 1990 321 2053 bonis
350 1988 597 2070 temporalibus
626 1990 670 2052 ab
697 2009 738 2052 eo
769 1991 929 2073 receptis,
952 1993 1081 2055 oratio-

134 2108 215 2152 num
236 2095 298 2151 aut
314 2088 496 2150 missarum
517 2087 694 2169 suffragia,
711 2088 792 2152 dum
810 2090 936 2172 potuit,
960 2110 1082 2174 repen·

133 2185 248 2249 debat.
302 2185 442 2262 Postea,
466 2185 558 2249 sicut
578 2186 622 2250 de
648 2188 796 2269 superbo
819 2188 894 2271 jem
919 2190 1083 2266 diximus,

133 2283 349 2348 membratim
372 2284 468 2346 illum
491 2284 725 2366 discerpentes
743 2295 778 2350 et
794 2286 917 2350 iterum
936 2288 1084 2352 redinte-

133 2391 275 2465 grantes
290 2384 326 2445 in
343 2382 540 2447 tormentali
555 2382 719 2448 cathedra
735 2384 947 2451 locaverunt.

450 2558 500 2622 De
514 2557 646 2643 quodum
661 2558 770 2623 milite.

187 2683 275 2746 Post
291 2682 384 2745 hunc
406 2680 576 2746 adductus
599 2689 653 2745 est
670 2682 769 2746 miles
787 2682 940 2765 quidam,
958 2683 1017 2764 qui
1035 2684 1085 2746 vi·

136 2789 207 2846 tam
230 2799 328 2843 suam
345 2780 381 2843 in
398 2781 550 2844 caedibus
571 2781 802 2845 innocentium
819 2789 855 2844 et
871 2788 1087 2844 torneamen-

138 2880 183 2942 tis
214 2885 396 2961 peregerat
423 2886 458 2942 et
492 2879 634 2961 rapinis.
697 2878 769 2943 Hic
793 2881 951 2944 omnibus
981 2881 1087 2943 armis

137 2977 343 3041 militaribus
376 2984 530 3040 armatus
562 2998 650 3061 equo
687 2979 870 3060 nigerrimo
904 2979 1087 3057 insidebat,

137 3077 197 3159 qui
226 3077 360 3159 piceam
389 3075 561 3140 flammam
593 3096 671 3141 cum
698 3078 821 3142 foetore
849 3085 885 3141 et
908 3077 1002 3141 sumo
1025 3099 1088 3160 per

137 3195 177 3239 os
201 3183 237 3239 et
261 3194 374 3250 nares,
401 3193 480 3238 curn
506 3183 687 3257 urgeretur
714 3176 919 3253 calcaribus,
943 3177 977 3240 in
1005 3197 1088 3260 sup-

136 3274 277 3357 plicium
303 3274 358 3336 sui
383 3274 528 3337 sessoris
556 3273 706 3339 efflabat.
753 3275 847 3340 Sella
871 3276 951 3358 equi
978 3277 1087 3342 clavis

138 3373 249 3454 igneis
267 3380 302 3436 et
318 3373 506 3455 praelongis
523 3380 599 3437 erat
614 3373 765 3456 undique
787 3374 957 3457 praefixa;
981 3375 1089 3439 lorica

138 3480 174 3535 et
196 3472 310 3555 galea,
329 3479 466 3535 scutum
492 3481 528 3536 et
555 3491 677 3551 ocreae,
703 3493 747 3536 ex
773 3481 847 3538 toto
875 3474 1088 3537 flammantia

139 3571 245 3635 nimio
272 3571 327 3634 sui
359 3571 510 3653 pondere
538 3571 682 3635 militem
707 3572 862 3654 graviter
886 3571 1087 3647 onerabant,

139 3670 200 3734 sed
224 3689 294 3733 non
317 3669 441 3733 minori
463 3671 617 3734 cruciatu
640 3690 717 3734 eum
742 3670 940 3735 medullitus
964 3689 1088 3734 exure·

138 3769 235 3832 bant.
281 3767 386 3831 Miles
403 3775 532 3845 autem,
547 3776 730 3851 postquam
744 3789 870 3853 equum
885 3789 987 3834 cursu
999 3791 1088 3854 prae-

139 3868 236 3950 cipiti
254 3867 461 3948 agitaverat,
477 3867 683 3950 hastamque
697 3877 818 3934 contra
833 3868 1006 3933 daemones
1024 3870 1090 3933 sibi

140 3967 320 4030 obviantes
358 3965 458 4047 eique
495 3966 678 4030 illudentes
712 3968 919 4043 vibraverat,
957 3969 1089 4049 priores

140 4065 273 4129 militiae
307 4083 380 4127 suae
396 4096 401 4103 ·
417 4072 537 4146 gestus
571 4065 780 4146 replicando,
808 4068 852 4129 ab
884 4065 969 4148 ipsis
1000 4086 1089 4148 equo

140 4164 296 4248 dejectus
317 4163 533 4228 membratim
551 4164 769 4248 discerpitur,
787 4166 1005 4248 membraque
1028 4185 1090 4230 ex·
