2970 5016
351 439 417 505 384
600 455 734 504 aoonnr
760 456 806 502 nn
830 455 1038 504 wnsnovsn

186 622 309 668 snpra
350 610 459 688 dictis,
484 611 608 675 nobilis
631 612 688 674 ille
710 611 874 674 continuo
897 611 1098 692 exspiravit.
1135 609 1225 675 Cum
1243 628 1305 673 au·

349 716 418 773 tem
428 710 536 773 verba
552 709 726 773 baecinter
737 710 885 772 barones
901 709 1126 772 disseminata
1141 708 1303 786 luissent,

347 807 542 872 contristati
569 816 651 872 sunt
674 805 787 884 valde,
809 806 890 870 dum
922 827 960 870 se
986 808 1173 889 perplexos
1204 807 1303 869 undi-

347 924 416 986 que
429 905 694 987 cognovissent3
722 905 928 969 Lodowious
946 906 1035 968 enim
1054 912 1166 969 terras
1184 925 1301 969 eorum

347 1012 382 1067 et
399 1004 553 1081 castella,
570 1023 648 1085 quae
668 1004 743 1087 jem
761 1004 797 1066 in
817 1003 903 1067 locis
923 1003 1068 1067 dirersis
1090 1004 1303 1086 subjugave-

347 1109 415 1178 rat,
439 1102 508 1166 illis
533 1102 839 1178 murmurantibus,
870 1101 1096 1183 Francigenis
1121 1102 1228 1180 dedit,
1253 1109 1302 1178 et,

347 1200 439 1280 quod
465 1202 576 1282 magis
602 1200 777 1277 dolebant,
803 1207 919 1262 notam
941 1199 991 1262 eis
1011 1199 1219 1281 proditionis
1239 1200 1301 1262 im·

346 1299 489 1380 posuit;
524 1300 624 1362 auxit
652 1306 821 1381 praeterea
847 1297 1023 1361 tristitiam
1050 1317 1186 1374 eorum,
1209 1298 1300 1379 quod

346 1397 494 1477 singulis
523 1396 644 1462 diebus
678 1403 793 1460 essent
817 1397 1106 1459 excommunicati
1136 1397 1302 1459 simulet

346 1495 439 1558 omni
468 1495 597 1561 honore
621 1503 756 1559 terreno
776 1494 916 1575 privati,
939 1495 1030 1557 unde
1048 1495 1084 1557 in
1111 1494 1299 1557 maximam

345 1595 500 1675 corporis
513 1601 548 1659 et
563 1595 687 1657 animae
701 1593 898 1673 angustiam
915 1593 1122 1656 inciderunt.
1155 1593 1300 1675 Cogita-

345 1699 470 1755 verunt
483 1692 583 1755 multi
597 1711 641 1754 ex
659 1691 709 1755 eis
729 1690 773 1753 ad
788 1689 988 1754 fidelitatem
1013 1693 1107 1772 regis
1127 1690 1150 1754 J
1153 1691 1300 1757 obannis

345 1790 475 1870 redire;
506 1791 566 1854 sed
592 1791 780 1853 timuerunt
809 1789 923 1864 valde,
950 1809 994 1853 ne
1017 1790 1088 1866 ille,
1115 1809 1220 1871 quem
1247 1799 1300 1854 tot

346 1889 541 1971 talibusque
558 1889 717 1953 convitiis
740 1888 777 1950 in
799 1887 915 1950 odium
937 1889 992 1951 sui
1011 1896 1299 1969 provocaverant,

344 1986 451 2051 vellet
465 2007 525 2051 eos
543 1986 725 2052 admittere
740 1987 961 2067 poenitentes.

538 2159 587 2222 De
601 2168 695 2223 morto
708 2158 874 2235 Jolunuis,
890 2158 970 2242 repis
979 2156 1114 2240 Aapliae.

394 2278 563 2353 Tandem,
582 2300 659 2339 cum
678 2280 884 2344 Lodowicus
900 2279 993 2360 apud
1012 2278 1189 2341 Doverarn
1206 2279 1298 2369 obsi·

342 2375 478 2439 dionem
500 2373 559 2437 diu
582 2381 616 2437 et
636 2375 787 2438 inaniter
806 2377 1051 2457 protraxisset,
1073 2395 1136 2438 rex
1163 2375 1298 2439 Joban-

340 2493 403 2536 nes
418 2475 454 2536 in
472 2472 675 2537 fortitudine
690 2473 790 2553 gravi
812 2473 1008 2554 provincias
1021 2472 1065 2535 de
1083 2473 1242 2537 Sutbsolc
1260 2483 1296 2536 et

343 2571 504 2635 Nortfolc
520 2572 645 2635 misera
660 2571 844 2634 afflictione
864 2570 1042 2633 contrivit.
1094 2570 1295 2634 Novissime

340 2689 403 2752 per
417 2671 549 2746 urbem,
568 2688 645 2751 quae
659 2668 731 2731 Len
750 2667 959 2750 appellatur,
970 2667 1151 2730 transitum
1164 2667 1296 2731 faciens

340 2770 385 2831 ab
403 2770 543 2832 urbanis
565 2788 642 2831 cunr
666 2766 793 2848 gaudio
817 2772 1000 2847 susceptus
1023 2772 1076 2828 est
1099 2772 1134 2827 et
1158 2767 1293 2845 magnis

340 2866 493 2929 donariis
527 2867 727 2929 honoratus.
780 2864 916 2926 Deinde
946 2882 1068 2926 versus
1097 2863 1294 2944 aquilonem

339 2964 407 3028 iter
432 2965 599 3046 arripiens
624 2965 658 3026 in
681 2962 800 3038 fluvio,
827 2962 886 3043 qui
911 2960 1132 3024 Wellestrem
1157 2961 1295 3038 dicitur,

340 3070 493 3125 carretas
524 3081 655 3137 omnes,
683 3061 782 3142 bigas
805 3070 841 3123 et
865 3058 1081 3136 summarios,
1111 3078 1190 3122 cum
1219 3059 1295 3124 the-

339 3161 464 3236 sauris,
477 3160 571 3224 vasis
586 3159 747 3240 pretiosis
763 3166 799 3222 et
812 3160 913 3221 rebus
930 3158 1102 3234 omnibus,
1118 3177 1197 3238 quae
1215 3179 1295 3240 pro-

338 3258 489 3340 pensiori
512 3277 596 3321 cura
623 3257 758 3332 dilexit,
784 3251 979 3338 ¹iuopinato
1001 3262 1129 3318 eventu
1154 3257 1293 3334 amisit3

340 3366 463 3437 aperta
485 3364 538 3420 est
556 3357 646 3419 enim
670 3356 704 3418 in
727 3355 847 3417 mediis
870 3354 1030 3417 fluctibus
1058 3360 1150 3416 terra
1180 3362 1216 3418 et
1231 3375 1293 3418 vo-

338 3456 477 3536 ragines
493 3457 651 3537 abyssus,
667 3473 745 3535 quae
766 3453 1018 3516 absorbuerunt
1034 3452 1198 3516 universa
1213 3472 1292 3517 cum

337 3551 533 3616 hominibus
551 3561 587 3616 et
603 3551 712 3634 equis,
734 3552 785 3614 ita
807 3551 899 3632 quod
915 3570 977 3614 nec
992 3569 1054 3631 pes
1072 3570 1161 3612 unus
1180 3554 1293 3616 erasit

373 3752 718 3816 'Inopiuutoeoeatuumisit.]
732 3752 799 3813 θος-
825 3757 893 3800 serat
909 3752 979 3811 apud
996 3751 1166 3808 Wellestrem‚
1183 3752 1292 3801 etmulti

340 3819 464 3885 geshale's
476 3827 583 3871 aceount
592 3822 621 3870 of
629 3821 679 3870 this
691 3822 800 3869 disaster
825 3821 857 3870 de
869 3820 966 3869 lamilin
982 3821 1039 3881 ejus
1056 3820 1181 3868 submersi
1193 3822 1291 3870 suntin

337 3894 394 3940 isas
402 3892 514 3941 follows:
526 3892 799 3939 ‘Praetsreameximus
825 3891 899 3950 equis
910 3889 1013 3937 marinis
1025 3893 1050 3937 et
1062 3890 1087 3936 in
1099 3889 1156 3938 viro
1168 3891 1292 3939 sabulone

337 3960 409 4009 dolor
426 3976 483 4009 eum
500 3961 618 4021 angebat,
631 3959 699 4019 quod
716 3959 800 4019 capel·
825 3959 918 4007 ibidem
936 3958 1058 4018 absorpti,
1075 3958 1138 4017 quia
1153 3958 1256 4007 ineante
1267 3965 1293 4008 et

337 4031 388 4078 lem
400 4045 472 4079 suam
483 4045 541 4078 eum
552 4030 676 4090 reliquiis,
686 4033 712 4077 et
723 4043 800 4090 quos·
825 4027 1014 4088 praecipitanter
1053 4040 1080 4074 se
1121 4027 1291 4088 ingesserant,

337 4099 396 4147 dam
414 4100 563 4149 summarios
579 4112 638 4148 suos
655 4112 713 4146 cum
729 4098 800 4145 varia
826 4101 890 4144 aestu
909 4098 985 4145 maris
1001 4095 1113 4144 noudum
1130 4097 1264 4145 recedente
1274 4093 1291 4158 3'

338 4168 501 4232 supellectili,
520 4171 546 4218 in
563 4169 652 4217 itinere
673 4167 718 4216 illo
738 4167 800 4216 ami-
826 4168 919 4227 pili.
