2970 5016
458 458 598 507 neonus
622 451 916 507 mercurium
1080 444 1146 508 285

193 619 285 699 regis
301 627 336 681 et
350 620 587 684 ministrorum
604 620 680 703 ejus
701 621 941 702 persecutione
963 639 1145 703 corporum
1159 632 1214 673 ov·
1226 632 1282 671 ¹²¹⁴·

191 738 332 781 suorum
350 726 385 783 et
395 739 521 795 rerum,
538 720 632 797 dum,
644 721 744 783 bouis
756 739 874 783 eorum
893 720 1052 784 omnibus
1065 740 1146 784 con·

193 817 323 882 fiscatis
347 825 383 881 et
398 819 600 901 corporibus
622 819 796 896 laceratis,
819 838 888 900 quo
911 838 933 882 a
953 819 1076 901 spiritu
1093 819 1147 883 fu·

192 919 280 981 roris
299 918 517 982 inimicorum
541 937 579 981 se
599 925 785 994 verterent,
807 918 1027 999 ignorabant.
1080 918 1146 981 Le·

193 1024 297 1099 gatus
320 1036 404 1080 vero
427 1017 597 1081 universae
623 1015 835 1080 multitudini
862 1018 1145 1099 conquerentium

194 1115 244 1179 ita
260 1115 452 1198 respondit,
465 1115 571 1201 quod,
586 1116 758 1194 videlicet,
772 1116 815 1179 de
832 1117 966 1180 damnis
979 1136 1096 1180 eorum
1112 1125 1148 1180 et

195 1213 331 1298 injuriis
347 1216 382 1280 iu
402 1215 512 1279 literis
530 1214 660 1278 domini
680 1235 780 1297 pupae
798 1216 894 1279 nulla
908 1216 1037 1280 mentio
1055 1215 1148 1279 lacta

193 1313 317 1392 fuerat,
340 1314 432 1378 uude
452 1334 514 1378 nec
536 1314 655 1377 debuit
673 1333 736 1377 uec
757 1314 799 1377 de
819 1315 899 1398 jure
919 1315 1034 1398 potuit
1050 1334 1147 1378 man-

194 1413 268 1477 dati
292 1414 474 1496 apostolici
498 1413 583 1477 fines
609 1414 808 1496 praeterire3
835 1414 895 1477 sed
924 1421 1040 1478 tamen
1064 1434 1147 1477 con·

195 1511 310 1576 silium
324 1512 431 1591 dedit,
456 1520 495 1577 ut
512 1513 554 1576 de
577 1513 712 1596 injuriis
733 1520 769 1576 et
791 1513 926 1576 damnis
948 1532 1065 1577 eoram
1086 1513 1147 1576 do·

196 1612 288 1676 mino
307 1632 399 1695 papa
420 1612 595 1694 querelam
616 1611 840 1693 deponerent,
859 1620 894 1676 et
910 1620 1066 1694 peterent
1083 1612 1148 1676 sibi

193 1710 341 1794 justitiae
360 1712 608 1793 plenitudinem
625 1709 790 1774 exhiberi.
844 1710 914 1775 His
928 1712 1035 1793 igitur
1050 1711 1148 1776 audi·

197 1811 253 1887 tis,
282 1810 492 1875 universitas
523 1811 584 1874 illa
612 1811 893 1891 conquerentium
925 1811 1148 1892 praelatorum

197 1910 272 1974 siue
296 1930 359 1992 spe
381 1910 532 1974 melioris
555 1916 744 1991 proventus
767 1909 809 1972 ad
832 1910 973 1992 propria
995 1917 1076 1972 suut
1096 1930 1149 1973 re·

199 2010 301 2072 versi.
338 2009 467 2073 Eodem
483 2017 637 2091 tempore
654 2004 847 2086 lohannes
865 2010 972 2073 abbas
993 2009 1148 2073 ecelesiae

196 2110 307 2173 sancti
318 2108 460 2186 Albani,
474 2101 527 2172 ¹in
545 2109 600 2172 die
614 2109 709 2172 beati
726 2107 887 2172 Keuelmi
900 2109 993 2190 regis
1010 2116 1045 2172 et
1057 2128 1148 2172 mar·

199 2208 298 2290 tyris,
322 2208 455 2272 decimo
476 2228 567 2273 nouo
592 2207 806 2289 praelatiouis
820 2228 892 2272 suae
909 2228 1013 2284 auno,
1028 2209 1081 2271 vir
1095 2228 1148 2271 re·

198 2306 343 2388 ligiosus
358 2315 393 2372 et
410 2307 445 2370 iu
461 2307 607 2371 scientia
623 2307 749 2370 literali
766 2306 809 2371 ad
826 2307 965 2390 plenum
982 2308 1149 2384 eruditus,

197 2406 233 2469 in
248 2415 426 2471 senectute
441 2408 532 2470 bona
546 2407 635 2469 diem
652 2406 779 2470 clausit
793 2416 997 2471 extremum.

259 2577 301 2643 Ut
315 2599 369 2642 ree
383 2579 540 2644 Jolannes
556 2579 720 2643 enarrem
734 2599 824 2643 sarno
839 2580 874 2644 in
888 2578 1095 2643 Britanniam

569 2679 769 2764 promeruerit.

249 2801 321 2866 Sub
337 2802 458 2865 diebus
472 2801 549 2865 istis
565 2801 588 2867 J
592 2802 759 2878 ohannes,
772 2821 834 2864 rex
848 2800 1057 2883 Auglorum,
1072 2820 1152 2882 pro-
1163 2819 1314 2911 mm·

200 2903 310 2966 movit
336 2901 526 2965 exercitum
555 2921 655 2964 suum
685 2921 707 2965 a
734 2900 894 2964 Pictavia
918 2902 954 2964 iu
983 2900 1150 2964 minorem
1163 2921 1305 2969 maximnm.

201 3000 430 3077 Britanniam,
453 3000 662 3065 continuans
689 3002 799 3064 tribus
822 2999 944 3064 diebus
966 3019 1045 3064 eum
1069 3001 1151 3065 toti·

199 3100 276 3162 dem
292 3101 463 3165 noctibus.
503 3099 658 3163 Veniens
672 3101 811 3164 taudem
831 3120 938 3182 prope
963 3100 1152 3178 civitatem,

199 3219 277 3282 quac
297 3199 433 3263 Nautes
450 3201 495 3262 ab
509 3200 631 3263 ineolis
648 3200 857 3283 appellatur,
879 3219 954 3264 eam
979 3199 1152 3264 debellare

200 3299 370 3380 disposuit
383 3319 392 3377 3
405 3291 476 3362 'sed
493 3299 586 3362 cives
600 3306 635 3363 et
649 3298 789 3376 milites,
805 3318 893 3381 quos
912 3299 947 3362 iu
967 3298 1044 3382 ejus
1062 3319 1152 3382 prae·

200 3399 288 3461 sidio
306 3418 368 3461 rex
386 3397 599 3461 Francorum
616 3406 790 3480 posuerat,
813 3417 890 3461 cum
913 3398 1004 3478 regis
1019 3396 1152 3478 Auglo·

202 3517 279 3560 rum
295 3498 482 3561 adveutum
499 3498 756 3579 cognovissent,
776 3499 936 3561 exierunt
951 3497 1087 3560 obviam
1109 3496 1153 3573 ei,

202 3598 288 3659 etin
309 3593 453 3660 introitu
473 3596 653 3680 cujusdam
674 3596 801 3679 pontis,
827 3595 972 3680 quinon
989 3594 1092 3676 longe
1109 3597 1154 3658 ab

200 3699 285 3759 urbe
303 3696 467 3773 distabat,
485 3715 563 3760 cum
578 3697 733 3760 exercitu
751 3697 843 3778 regis
861 3693 1052 3775 Auglorum
1073 3713 1155 3757 con·

201 3796 312 3876 gressi
337 3804 438 3874 suut;
469 3795 529 3858 scd
549 3815 610 3858 rex
633 3795 656 3858 J
660 3795 824 3872 ohannes,
848 3794 964 3857 Marte
987 3793 1054 3855 sibi
1078 3812 1154 3874 pro-

201 3894 300 3976 pitio,
325 3896 506 3959 victoriam
536 3895 675 3958 taudem
706 3894 852 3976 adeptus
874 3893 999 3974 viginti
1028 3892 1154 3955 milites

201 3995 238 4057 iu
263 3995 323 4058 illo
349 3995 512 4058 conflictu
535 3996 638 4077 cepit,
661 4002 696 4058 et
718 3995 808 4058 iuter
827 4000 970 4057 caeteros
993 3991 1100 4055 filium
1120 3999 1156 4056 et

238 4167 285 4218 ¹ln
304 4169 344 4218 die
362 4169 427 4218 beuti
447 4169 590 4232 nminat]
614 4169 668 4218 The
693 4167 998 4230 succeededbywillium
1006 4168 1157 4233 Trumpiug·

203 4239 261 4289 mn
276 4239 306 4289 oi
322 4239 395 4301 July.
431 4239 517 4290 Abbot
528 4239 597 4289 John
614 4254 669 4290 was
694 4238 1094 4302 tou3seell1atPuris,p.lll.
