2970 5016
416 461 483 526 212
684 474 818 523 noennr
842 473 890 522 ns
912 471 1120 521 wnunovnu

257 649 311 691 av·
323 649 379 690 ¹²⁰²·
418 635 541 699 electio
556 642 634 697 rata
646 633 839 697 haberetur.
877 631 1035 713 Denique
1053 634 1132 712 post
1146 627 1271 709 longas
1288 626 1370 689 hinc

418 743 454 798 et
476 733 556 797 inde
574 733 854 815 disceptationes,
873 749 951 794 cum
976 728 1135 792 dominus
1154 746 1248 810 papa
1268 726 1372 790 intel-

417 832 563 897 lexisset
591 838 708 914 partes
740 833 775 895 in
808 831 945 893 unicam
975 846 1158 910 personam
1185 827 1372 890 convenire

418 951 488 996 non
512 951 627 1014 posse,
645 938 750 1012 atque
769 939 951 1011 utramque
974 927 1176 991 electionem
1191 924 1315 990 vitiose
1335 932 1371 987 et

420 1050 488 1094 non
511 1029 698 1094 secundum
716 1048 891 1093 sacrorum
913 1045 1082 1091 canonum
1102 1025 1299 1107 sanctiones
1316 1043 1371 1086 ce-

419 1128 588 1192 lebratam
610 1128 729 1205 fuisse,
750 1127 793 1190 de
818 1126 962 1191 consilio
983 1123 1209 1188 cardinalium
1229 1141 1369 1185 suorum

420 1229 539 1291 ambas
562 1228 726 1303 cassavit,
748 1227 906 1309 partibus
934 1223 1148 1287 districtione
1178 1221 1371 1303 apostolica

419 1326 627 1390 interdicens
660 1333 695 1390 et
727 1345 788 1407 per
817 1323 1023 1388 sententiam
1053 1320 1266 1385 definitivam
1298 1327 1372 1383 sta-

419 1433 533 1501 tuens,
551 1445 594 1488 ne
611 1426 653 1488 de
668 1432 794 1488 caetero
813 1423 857 1487 ad
880 1421 1196 1503 archiepiscopatus
1220 1419 1370 1482 honores

418 1525 586 1588 alteruter
600 1523 785 1588 electorum
803 1522 968 1604 adspiret.

439 1694 489 1756 De
496 1694 686 1778 promotione
701 1702 729 1757 et
743 1694 966 1757 memoratione
984 1694 1129 1778 mophtri
1144 1692 1295 1777 Stephani
1309 1691 1346 1754 de

807 1793 975 1877 Lacydon.

486 1916 642 1981 cassatis
669 1917 787 1997 itaque
816 1914 1042 1979 electionibus
1073 1914 1284 1990 memoratis,
1306 1914 1368 1978 do·

324 1998 352 2027 ⁰¹¹
419 2016 531 2078 minus
563 2033 666 2097 papa,
695 2014 814 2077 nolens
841 2013 971 2077 diutius
997 2015 1179 2089 sustinere,
1206 2021 1246 2076 ut
1268 2014 1367 2094 gregi

419 2112 602 2177 Dominico
623 2131 707 2176 cura
729 2111 865 2175 deesset
886 2112 1083 2194 pastoralis,
1105 2112 1279 2195 persuasit
1294 2132 1368 2176 mo·

311 2210 318 2226 ’
419 2210 539 2274 nachis
564 2210 884 2286 cantuariensibus,
906 2212 967 2293 qui
985 2219 1226 2294 procuratores
1249 2229 1368 2274 coram

418 2329 460 2373 eo
486 2310 665 2373 constituti
689 2308 826 2373 fuerant
846 2329 909 2391 pro
931 2311 1071 2391 negotio
1095 2309 1249 2374 ecclesiae
1273 2308 1367 2372 Can-

419 2408 616 2485 tuariensis,
634 2416 673 2472 ut
689 2408 857 2489 eligerent
870 2410 1072 2490 magistrum
1093 2408 1305 2490 Stephanum
1324 2407 1367 2472 de

419 2506 635 2588 Langetune,
663 2508 902 2590 presbyterum
933 2508 1153 2584 cardinalem,
1176 2508 1299 2583 virum,
1328 2515 1367 2571 nt

418 2605 581 2682 diximus,
603 2607 639 2668 in
663 2605 790 2670 literali
813 2607 958 2670 scientia
979 2606 1162 2683 eruditum,
1179 2606 1365 2670 discretum

417 2712 455 2768 et
473 2706 626 2770 moribus
639 2711 830 2792 *ornatum3
863 2724 1033 2784 asserens,
1052 2706 1161 2788 ipsius
1181 2706 1368 2787 promotio-

418 2823 509 2881 nem,
532 2811 602 2868 tam
620 2804 689 2886 ipsi
709 2804 783 2887 regi
800 2823 904 2886 quam
928 2806 1098 2869 universae
1117 2804 1272 2868 ecclesiae
1292 2803 1367 2869 An-

419 2902 578 2983 glicanae,
596 2903 781 2984 plurimum
803 2896 1050 2985 ¹prosuturam.
1103 2902 1267 2967 Monachi
1283 2923 1366 2968 vero

417 2999 461 3062 ad
483 3001 557 3063 haec
580 3002 826 3083 respondentes
846 3003 1058 3078 asserebant,
1084 3002 1150 3065 sibi
1172 3022 1241 3066 non
1263 3002 1365 3066 licere

417 3107 545 3179 praeter
569 3118 773 3163 consensum
796 3101 930 3181 regium
958 3108 993 3164 et
1018 3101 1072 3163 sui
1096 3108 1287 3164 conventus
1310 3121 1366 3165 ca-

417 3197 576 3260 nonicam
600 3197 799 3263 electionem
821 3200 857 3262 in
879 3218 1027 3282 persona
1048 3200 1204 3282 qualibet
1224 3219 1367 3265 consen·

417 3296 482 3358 tire
500 3295 555 3360 vel
578 3297 654 3359 sine
673 3296 743 3360 illis
769 3298 970 3361 electionem
993 3298 1188 3377 celebrare3
1215 3305 1253 3362 at
1275 3319 1366 3382 papa

415 3395 517 3478 quasi
534 3397 671 3477 rapiens
686 3398 827 3460 verbum
845 3416 889 3459 ex
906 3417 965 3461 ore
981 3396 1133 3479 ipsorum
1151 3398 1251 3474 dixit,
1269 3399 1367 3462 ‘Sci-

415 3494 485 3557 atis
508 3513 572 3559 vos
598 3495 788 3578 plenariam
814 3494 940 3559 habore
973 3496 1008 3558 in
1037 3496 1183 3559 ecclesia
1212 3495 1367 3561 Cantua-

415 3593 520 3657 riensi
537 3600 756 3675 potestatem,
771 3613 833 3659 nec
853 3602 889 3658 et
903 3614 1008 3676 super
1027 3594 1252 3659 electionibus
1273 3597 1365 3679 apud

414 3692 530 3755 sedem
546 3692 770 3774 apostolicam
787 3692 970 3757 celebratis
987 3693 1076 3757 solet
1093 3713 1256 3758 assensus
1273 3698 1367 3778 prin·
1408 3686 1413 3694 ’

413 3789 529 3872 cipum
554 3792 773 3872 exspectari;
801 3790 893 3855 unde
916 3792 1025 3867 vobis,
1053 3793 1112 3874 qui
1138 3800 1192 3857 tot
1217 3802 1253 3857 et
1275 3794 1365 3859 tales

414 3889 497 3951 estis
520 3888 611 3970 quod
634 3889 735 3970 plone
763 3888 921 3955 sufficitis
949 3890 993 3954 ad
1020 3891 1122 3955 istam
1150 3891 1365 3972 electionem,

412 3985 449 4055 in
474 3986 601 4051 virtuto
628 3986 832 4050 obedientiae
860 3997 895 4053 et
917 3991 982 4052 sub
1006 4010 1112 4072 poena
1135 3991 1368 4056 anathematis

622 4189 630 4222 ¹
642 4192 824 4257 Profuturum]
841 4194 1047 4247 ‘Proiectumm’
1057 4195 1084 4249 iu
1097 4194 1153 4247 MS.
