2970 5016
401 469 540 517 anonas
565 471 830 521 nrsromnnuu.
1026 460 1090 523 147

137 626 277 691 natione
299 630 470 692 cessabat.
523 630 682 712 Denique
704 630 795 693 inter
817 650 927 711 roges
947 638 985 694 ut
1000 652 1088 713 prae-
1102 647 1157 687 Al>-
1170 649 1225 687 ¹2⁰⁰,

137 727 278 790 missum
313 735 379 803 est,
412 728 542 792 soedere
578 730 793 805 confirmato,
826 731 1008 793 terminum
1043 731 1088 794 ad

137 845 285 907 sequens
305 826 430 891 festum
450 829 562 892 sancti
580 827 601 891 J
606 828 752 892 ohannis
771 829 940 911 Baptistae
958 838 1089 894 statuo-

138 932 231 1002 runt‚
256 934 296 989 ut
318 935 400 991 tunc
425 946 480 1004 ea,
506 946 585 1009 quae
614 928 804 1009 praelocuta
830 936 923 1005 sunt,
949 929 1087 994 irrefra-

137 1025 300 1105 gabiliter
320 1027 512 1089 sortiantur
534 1026 715 1105 ellectum3
747 1028 865 1109 sicque
882 1028 997 1092 soluto
1014 1030 1087 1092 col-

137 1123 266 1205 loquio,
284 1144 346 1188 rex
364 1124 388 1188 J
391 1125 556 1202 ohannes2
578 1145 722 1207 sperans
740 1147 777 1190 se
800 1146 861 1208 per
879 1126 944 1191 hoc
967 1129 1086 1192 matri·

135 1224 288 1286 monium
314 1223 448 1288 diutina
472 1244 557 1306 pace
585 1226 797 1305 gavisurum,
821 1227 913 1289 misit
941 1235 1085 1291 matrem

135 1342 234 1385 suam
249 1322 394 1386 Alienor
409 1322 566 1405 reginam
588 1332 730 1406 propter
744 1325 893 1406 puellam
918 1344 1086 1390 memora·

136 1430 220 1498 tam,
242 1429 282 1486 ut
301 1422 400 1486 salvo
422 1423 594 1486 conductu
623 1443 701 1486 cum
730 1424 808 1505 ipsa
832 1424 875 1486 ad
902 1425 1084 1488 terminum

134 1521 316 1603 praefixum
334 1521 473 1586 rediret.
511 1522 590 1586 Rex
605 1520 799 1604 Anglorum
817 1523 953 1585 interim
972 1531 1085 1586 trans-

136 1620 276 1685 fretavit
299 1618 534 1703 in'Angliam,
557 1630 593 1685 et
610 1615 717 1704 ¹cepit
735 1621 777 1684 de
800 1641 1008 1704 unaquaque
1030 1642 1085 1687 ca-

135 1728 257 1783 rucata
278 1728 379 1785 terrae
402 1721 509 1785 totins
527 1719 666 1802 Angliae
689 1730 759 1784 tres
781 1720 911 1784 solidos
933 1721 975 1784 de
998 1740 1085 1785 aux-

135 1819 207 1895 ilio,
237 1820 455 1903 expletisque
485 1820 563 1884 aliis
593 1821 742 1902 negotiis
772 1820 807 1882 in
834 1820 1084 1884 Normanniam

136 1919 258 1982 iternm
274 1919 522 1984 transfretavit.

213 2084 255 2149 Ut
270 2084 563 2168 Lodowicaefiliam
577 2084 754 2168 Adlesorai,
770 2085 849 2170 repis
867 2084 1012 2164 Catella,

544 2185 678 2248 duxerit.

186 2298 255 2363 His
269 2300 319 2364 ita
336 2300 457 2382 gestis,
472 2292 593 2363 'rediit
603 2300 748 2365 Alienor
765 2301 885 2383 regina
898 2321 976 2365 cum
995 2320 1083 2383 prae·
1097 2324 1231 2373 areauna

135 2397 209 2462 sata
223 2399 338 2480 puella
349 2400 534 2463 Lodowico
547 2401 743 2463 maritanda
754 2410 789 2465 et
802 2420 878 2464 eam
890 2399 1082 2481 Anglorum
1098 2375 1173 2424 ΜΨ

133 2498 207 2578 regi
228 2500 462 2581 praesentavit.
508 2499 642 2562 Deinde
666 2493 782 2581 ³regos
807 2502 1018 2564 conveniunt
1038 2500 1083 2563 ad

133 2597 342 2680 colloquium
359 2600 451 2662 inter
468 2597 643 2662 Guletune
657 2607 692 2662 ot
708 2599 886 2662 Batanant
903 2597 1083 2662 undecimo

132 2696 295 2761 calendas
310 2698 334 2761 J
338 2697 410 2774 ulii,
433 2698 491 2761 ubi
518 2717 581 2761 rex
604 2698 814 2761 Francorum
838 2696 986 2761 reddidit
1008 2698 1082 2777 regi

134 2796 326 2877 Anglorum
352 2797 528 2861 civitatem
553 2797 777 2860 Ebroicarum
801 2803 836 2859 et
853 2804 963 2859 totum
979 2796 1082 2858 comi-

134 2902 244 2958 tatum
269 2905 376 2979 atque
403 2904 513 2959 terras
539 2897 731 2972 universas,
755 2914 834 2978 quae
860 2915 922 2977 per
938 2914 1081 2958 werram

132 3004 363 3077 occupaverat
389 2996 425 3058 in
457 2995 674 3058 Normannia
699 3002 735 3059 et
761 2994 839 3058 aliis
865 2995 965 3058 terris
989 2994 1081 3075 regis

133 3091 338 3176 Anglorum,
370 3104 405 3159 et
435 3114 498 3157 rex
528 3094 707 3158 Johannes
743 3093 974 3158 incontinenti
1001 3093 1081 3157 inde

131 3193 213 3257 fecit
246 3193 444 3276 homagium
476 3194 549 3274 regi
587 3194 811 3271 Francorum,
844 3202 880 3257 et
909 3194 959 3257 sic
987 3193 1082 3258 dedit

132 3293 294 3356 universa
315 3293 377 3357 illa
398 3293 583 3357 Lodowico
602 3313 680 3356 cnm
705 3301 807 3375 nepte
832 3311 897 3356 sua
921 3293 957 3356 in
980 3294 1083 3356 mari-

132 3393 227 3473 tagio
252 3401 288 3456 et
315 3392 514 3474 homagium
544 3392 623 3455 inde
649 3411 671 3456 a
702 3392 886 3456 lodowico
916 3393 1081 3473 suscepit.

132 3491 212 3569 Quo
229 3491 334 3569 sacto,
349 3491 466 3574 puella
482 3491 517 3553 in
539 3492 692 3555 crastino
714 3491 925 3574 desponsata
946 3497 999 3552 est
1014 3489 1082 3553 Lo·

130 3590 263 3654 dowico
280 3591 372 3673 apud
389 3584 558 3654 ⁴Purmor
573 3591 608 3653 in
622 3589 837 3654 Normannia
852 3591 897 3652 ab
915 3588 1082 3670 archiepi-

169 3765 257 3830 ¹Cepit
274 3770 304 3816 de
325 3783 464 3831 manuque
482 3772 595 3817 caracam
618 3773 671 3815 tum
700 3769 862 3829 exigerentur
870 3760 885 3826 ς’
914 3763 1082 3826 coggeshala,

132 3873 138 3886 .
151 3873 158 3887 .
170 3872 177 3886 .
189 3842 239 3886 tres
250 3838 367 3900 solidam]
385 3839 460 3898 ‘quae
477 3838 593 3885 nimirum
618 3837 736 3887 caltidi).

131 3907 216 3969 gravis
242 3908 342 3956 exactio
368 3907 443 3956 valde
471 3908 593 3968 populum
654 3903 893 3967 ’ltediitdlieaorff
911 3902 1081 3963 luidpooa.

129 3982 204 4025 terrae
216 3977 373 4037 extenuavit,
384 3991 442 4026 cum
451 3982 525 4025 antea
537 3991 594 4038 gra-
653 3973 752 4038 ⁸Regeo
763 3974 927 4035 conveniunt]
944 3972 1081 4020 Theterms

130 4048 170 4095 vis
181 4047 281 4094 exactio
292 4047 402 4108 scutagii
413 4046 593 4108 praecessisset.
619 4045 648 4094 os
656 4046 707 4093 this
724 4060 801 4106 peace
819 4059 862 4092 are
879 4042 978 4104 printed
996 4043 1021 4089 in
1038 4041 1081 4089 the

130 4117 198 4164 Nam
210 4116 244 4164 ad
253 4120 352 4164 scutum
364 4116 423 4164 duae
435 4131 526 4164 marca
538 4131 594 4177 per·
620 4130 675 4163 new
682 4112 1081 4174 editionoillymentomdpdd.

129 4186 300 4247 solvebantur,
310 4201 368 4234 cnm
386 4200 523 4247 numquam
540 4201 594 4236 am·
656 4183 805 4247 ‘PurmcaJ
828 4184 963 4244 Portmort,
984 4196 1016 4229 on
1039 4181 1081 4230 the

129 4256 199 4317 plius
210 4269 287 4316 quam
298 4256 390 4318 viginti
401 4256 476 4306 solidi
487 4255 520 4304 ad
537 4270 595 4305 scu·
619 4255 703 4305 Seiae.

934 4324 975 4370 nt
