2970 5016
382 454 448 517 152
639 464 775 513 nonani
799 462 847 510 nn
868 459 1075 508 wranovnn

221 642 278 683 Δυ
289 642 346 681 ¹2⁰⁰
383 623 500 705 gratia
519 621 711 687 curationis
727 628 906 695 venerant,
928 616 1160 691 cernentibus,
1174 615 1336 677 exierunt

220 692 372 781 wem
385 741 430 786 ex
449 722 510 785 illa
526 721 595 785 duo
609 720 755 784 bufones
768 719 886 801 magui
900 726 936 781 et
953 715 1140 798 nigerrimi,
1150 714 1223 796 qui,
1240 722 1281 775 ut
1298 732 1337 776 se

222 790 344 840 um*
344 818 559 885 daemones
585 820 817 895 ostenderent,
841 817 960 881 statim
990 814 1226 879 transformati
1253 820 1337 875 sunt

385 921 421 984 in
445 939 550 984 canes
575 920 760 982 immensos
787 926 823 981 et
846 918 977 1027 nigros,
997 923 1034 978 et
1055 921 1136 996 post
1156 910 1337 995 paululum

385 1021 421 1083 in
445 1018 589 1083 sormam
609 1017 767 1083 conversi
787 1024 870 1080 sunt
891 1014 1073 1078 asininam.
1124 1011 1254 1074 Mulier
1277 1029 1337 1073 au-

387 1127 456 1181 tem
479 1119 597 1182 stabat
616 1117 778 1192 attonita,
803 1110 855 1179 ¹et
878 1122 958 1196 post
979 1113 1058 1176 illos
1078 1111 1230 1176 cucurrit
1253 1109 1338 1172 suri-

386 1216 503 1280 bunda
520 1216 639 1280 volens
659 1235 719 1279 eos
735 1212 1012 1297 apprehendere3
1036 1210 1097 1274 sed
1114 1210 1168 1272 vir
1183 1208 1338 1293 quidam,

387 1316 448 1398 qni
468 1316 512 1379 ad
528 1315 634 1378 fontis
650 1314 842 1379 custodiam
863 1312 976 1376 suerat
994 1311 1193 1392 deputatus,
1210 1327 1338 1390 aquam

388 1414 493 1478 sontis
519 1416 609 1478 inter
632 1415 808 1477 mulierem
834 1420 870 1475 et
891 1419 1047 1475 monstra
1072 1428 1259 1490 aspergens
1286 1408 1339 1470 su·

389 1514 487 1595 gavit
517 1514 577 1577 illa
606 1514 642 1576 in
676 1532 788 1576 aerem
820 1530 970 1586 sursum,
1001 1509 1061 1573 ubi
1092 1516 1338 1572 evanescentes

390 1612 483 1676 soeda
496 1621 577 1695 post
591 1632 629 1675 se
647 1612 795 1694 vestigia
812 1610 1036 1693 reliquerunt.

448 1783 490 1848 Ut
499 1783 671 1867 predictus
686 1783 780 1848 attat
787 1785 907 1868 sentem
921 1783 1023 1849 dulcis
1036 1804 1123 1867 oquae
1137 1802 1284 1848 emanere

798 1884 923 1967 fecerit.

443 2006 486 2069 In
515 2006 634 2070 villam
656 2006 698 2069 de
724 2005 912 2070 Rumesnel
937 2005 1157 2087 praedicando
1184 2004 1341 2087 perveni·

248 2092 274 2169 η’.
322 2155 327 2165 .
392 2124 453 2168 ens
472 2104 563 2168 idem
583 2107 636 2168 vir
656 2105 735 2180 Dei,
755 2106 813 2168 ubi
834 2113 908 2169 erat
928 2123 1028 2187 aquae
1046 2105 1157 2168 dulcis
1174 2104 1341 2179 desectus,

392 2203 434 2266 ad
462 2222 581 2285 preces
610 2204 729 2286 populi
752 2204 786 2266 in
813 2203 960 2267 ecclesia
985 2203 1139 2287 ejusdem
1163 2203 1255 2268 villae
1280 2203 1342 2265 ba-

392 2301 471 2365 culo
496 2320 560 2363 suo
588 2309 719 2383 petram
744 2304 926 2384 percussit,
956 2311 992 2366 et
1018 2303 1195 2366 fluxerunt
1221 2302 1343 2365 latices

392 2401 427 2463 in
451 2400 674 2478 abundantia,
701 2421 847 2483 quarum
870 2401 998 2464 haustu
1032 2402 1131 2466 multi
1153 2420 1175 2464 a
1196 2400 1343 2464 diversis

392 2500 617 2581 languoribus
643 2502 864 2564 curabantur.
921 2500 1055 2564 Deinde
1081 2519 1103 2563 a
1124 2501 1201 2563 loco
1224 2500 1267 2563 ad
1291 2500 1342 2562 lo-

393 2619 484 2675 cum,
512 2618 534 2663 a
556 2600 735 2682 provincia
756 2600 792 2662 in
819 2599 1045 2682 provinciam,
1067 2599 1110 2662 de
1137 2599 1280 2663 civitate
1307 2599 1343 2660 in

394 2699 571 2763 civitatem
595 2699 777 2776 transiens,
800 2699 928 2762 multos
954 2698 998 2761 ad
1021 2718 1202 2763 usurarum
1228 2697 1343 2760 relax-

395 2799 545 2861 ationem
566 2798 715 2874 induxit,
733 2817 867 2862 crucem
889 2818 1023 2861 sumere
1046 2797 1262 2862 Dominicam
1281 2797 1343 2860 ad-

395 2898 540 2987 mpnuit,
562 2897 605 2959 ad
629 2898 769 2978 pietatis
791 2916 898 2979 opera
919 2897 1104 2961 multorum
1127 2897 1233 2960 corda
1256 2916 1345 2977 prse-

395 2995 541 3058 dicaudo
567 2996 796 3075 permutavit3
831 2996 1002 3058 nundinas
1027 3004 1166 3060 vernet
1193 3002 1346 3057 mercata

397 3092 588 3155 Dominicae
607 3093 673 3156 diei
696 3093 781 3157 adeo
799 3094 990 3172 interdixit,
1013 3096 1106 3177 quod
1129 3094 1345 3170 omniafere,

396 3210 474 3272 quae
496 3190 616 3253 diebus
635 3192 827 3256 Dominicis
847 3214 908 3276 per
923 3192 1088 3276 Angliam
1111 3194 1183 3257 fieri
1199 3212 1346 3257 consue-

397 3297 531 3365 verant,
554 3291 844 3356 constituerentur
869 3293 904 3355 in
936 3313 1005 3356 una
1034 3293 1257 3357 hebdomadae
1290 3312 1346 3354 se·

398 3389 576 3470 quentium
613 3389 802 3469 feriarnm3
842 3377 968 3474 sicque¹
998 3391 1189 3456 Dominicis
1225 3392 1346 3454 diebus

398 3486 509 3551 fidelis
536 3490 685 3572 populus
708 3490 834 3553 divinis
858 3492 1072 3555 solummodo
1095 3510 1224 3554 vacans
1247 3491 1348 3553 obse-

398 3588 487 3669 quiis
515 3608 614 3651 omne
643 3609 730 3671 opus
760 3590 885 3652 servile
911 3592 1049 3672 penitus
1073 3590 1259 3666 abdicavit,
1287 3609 1347 3652 ve·

398 3693 579 3750 runtamen
599 3696 751 3769 tempore
770 3689 976 3769 procedente
995 3689 1161 3771 plerique,
1181 3697 1221 3752 ut
1243 3708 1348 3751 canes

400 3784 442 3846 ad
467 3787 646 3861 vomitum,
671 3795 754 3850 sunt
780 3788 920 3852 reversi.
973 3787 1181 3851 Rectoribus
1208 3807 1347 3870 quoque

399 3885 620 3948 ecciesiurum
642 3893 678 3948 et
699 3887 910 3967 presbyteris
928 3905 1005 3949 cum
1029 3887 1166 3969 populis
1185 3888 1250 3950 sibi
1267 3888 1348 3949 sub-

394 3981 498 4064 jectis
515 3984 730 4047 admonendo
752 3984 890 4061 indixit,
908 3994 947 4048 ut
970 3987 1005 4048 in
1021 3986 1168 4050 ecclesia
1190 3995 1271 4050 ante
1289 4006 1349 4049 eu-

398 4080 594 4145 charistiam
620 4084 783 4147 continua
811 4084 873 4147 lux
900 4085 1049 4161 arderet,
1075 4094 1247 4167 quatenus
1270 4084 1349 4161 Ille,

399 4190 663 4202 ..-.--—....—

619 4230 626 4262 ¹
639 4234 673 4281 Et
683 4235 759 4297 port]
776 4236 784 4258 ‘
798 4235 832 4283 Et
842 4236 993 4297 quandoque
1005 4231 1078 4298 post,
1091 4237 1122 4285 C.
