2970 5016
463 463 603 511 cnonas
627 463 897 513 nrsronmauu.
1090 451 1156 516 275

201 619 326 683 tatoris
347 620 383 684 in
400 617 566 702 Angliam
582 619 735 698 veniens,
752 621 1008 704 quinquaginta
1023 623 1059 688 in
1080 623 1155 687 bre·
1168 641 1224 681 no.
1236 642 1292 683 ιω.

200 721 235 784 vi
250 727 285 784 et
299 720 431 784 familia
444 721 554 785 multa
573 721 676 784 nimis
697 721 847 804 stipatus
862 720 1013 786 incessit
1061 722 1153 787 Con·
1166 746 1302 789 aava...

201 820 360 884 veniente
380 820 519 883 tandem
536 818 796 903 archiepiscopo
813 819 1056 886 cantuariensi
1074 841 1153 886 cnm
1167 798 1281 888 ffi'illm

202 919 373 1001 episcopis
390 926 426 983 et
442 920 664 1000 magnatibus
684 921 783 1000 regni
797 919 986 985 Londoniis
1009 921 1045 985 in
1065 941 1152 1004 prae-

201 1020 314 1083 sentia
338 1017 430 1100 regis
455 1025 491 1082 et
514 1017 713 1095 cardinalis,
734 1025 920 1083 tractatum
945 1027 1000 1084 est
1025 1020 1152 1085 ibidem

201 1138 262 1200 per
297 1117 448 1182 triduum
484 1118 574 1181 inter
605 1136 750 1198 regnum
784 1125 821 1182 et
848 1119 1078 1183 sacerdotium
1108 1120 1152 1186 de

199 1217 333 1281 damnis
364 1216 603 1300 episcoporum
630 1224 667 1281 et
689 1217 828 1294 ablatis,
856 1219 950 1282 facta
976 1238 1022 1282 ex
1051 1227 1151 1301 parte

200 1317 292 1397 regis
313 1316 489 1381 oblatione
505 1316 676 1398 episcopis
698 1316 864 1398 praefatis,
887 1317 932 1380 ad
960 1318 1150 1400 plenariam

200 1416 466 1493 restitutionem,
491 1422 630 1480 centum
660 1416 770 1479 millia
798 1435 991 1480 marcarum
1014 1419 1150 1499 argenti

199 1516 363 1579 continuo
390 1515 702 1593 numerandarum3
733 1523 771 1580 et
797 1516 828 1579 si
852 1522 932 1598 post
956 1517 1151 1598 inquisitio·

200 1634 277 1677 nem
293 1613 497 1696 investigari
515 1621 646 1697 posset,
668 1614 829 1679 custodes
845 1615 1067 1679 ecclesiarum
1090 1616 1152 1680 ali·

199 1732 283 1778 osve
307 1715 400 1796 regis
427 1713 603 1778 ministros
629 1713 777 1797 amplius
799 1714 995 1793 abstulisse,
1014 1715 1150 1798 jurato·

198 1813 285 1876 riam
325 1813 451 1877 obtulit
491 1833 554 1879 rex
586 1819 621 1876 et
652 1812 903 1896 fidejussoriam
942 1815 1150 1893 cautionem,

199 1912 291 1994 quod
318 1933 381 1996 pro
407 1913 645 1996 episcoporum
676 1920 712 1976 et
734 1913 843 1994 ipsius
871 1913 979 1994 legati
1006 1915 1150 1980 arbitrio

198 2012 289 2075 infra
307 2031 456 2095 sequens
472 2011 611 2077 Pascha
633 2001 904 2076 satisfactionem
924 2013 1062 2096 plenam
1079 2033 1152 2078 om·

199 2111 300 2175 nibus
317 2110 446 2177 faceret
460 2112 667 2177 ablatorum.
719 2109 776 2175 Ad
792 2111 857 2176 hoc
878 2119 993 2176 autem
1013 2113 1150 2195 legatus

198 2212 384 2287 consensit,
407 2211 528 2274 volens
548 2211 721 2275 instanter
745 2210 810 2275 hoc
828 2211 913 2289 fieri,
938 2211 1080 2294 indigne
1100 2213 1149 2276 fe-

198 2329 289 2387 rens,
304 2310 396 2392 quod
413 2330 483 2374 non
497 2311 616 2374 statim
633 2318 796 2392 suscepta
810 2309 875 2373 fuit
886 2310 1016 2375 oblatio
1029 2331 1038 2390 3
1059 2312 1150 2376 unde

198 2409 357 2492 protinus
370 2411 583 2491 suspicatum
599 2417 665 2487 est,
680 2409 834 2491 legatum
848 2409 927 2491 plus
942 2428 1043 2492 aequo
1057 2412 1150 2492 parti

197 2511 302 2591 regiae
314 2510 519 2574 consentire.
550 2510 712 2591 Episcopi
726 2527 864 2589 quoque
877 2509 1054 2590 negotium
1072 2530 1150 2591 pro-

197 2610 373 2673 trahentes
410 2608 536 2672 ablatis
569 2607 824 2672 conditionibus
856 2607 1056 2686 obviabant,
1089 2608 1150 2672 ha-

196 2709 269 2772 bito
294 2707 450 2784 consilio,
472 2715 511 2772 ut
533 2708 629 2791 prius
653 2707 868 2789 inquirerent
891 2705 934 2769 de
962 2705 1088 2771 ablatis
1114 2716 1150 2772 et

196 2807 332 2872 damnis
360 2816 396 2871 et
422 2826 591 2871 summam
623 2804 825 2888 dihgentins
849 2805 924 2885 regi
946 2805 1148 2887 inquisitam

197 2906 430 2984 ostenderent,
452 2914 488 2972 et
512 2907 563 2970 sic
588 2906 692 2970 simul
716 2905 913 2988 acciperent
937 2904 1030 2986 quod
1051 2925 1147 2988 quae-

196 3008 330 3071 rebant.
383 3003 538 3071 Audiens
562 3006 681 3088 itaque
703 3024 765 3068 rex
785 3004 985 3069 dilationem
1008 3005 1074 3068 eibi
1096 3005 1148 3068 di·

194 3105 320 3171 lectam
348 3106 497 3188 praebuit
518 3105 612 3170 illico
635 3123 853 3182 consensum,
876 3104 983 3168 etsie
1010 3097 1069 3170 1οο
1093 3105 1148 3168 die

195 3206 322 3270 infecto
336 3205 477 3287 negotio
492 3212 719 3270 recesserunt.

201 3366 243 3435 Ut
253 3368 471 3435 recludentes
481 3390 623 3434 eorooom
634 3389 703 3433 uno
712 3364 944 3454 repoMopliae
952 3375 980 3433 et
989 3366 1149 3432 Hibernis

420 3469 456 3533 io
471 3489 581 3533 moos
593 3468 686 3555 lopati
701 3468 913 3554 resipcooerit.

245 3591 417 3657 Veniente
433 3613 515 3659 vero
530 3593 585 3657 die
600 3593 765 3671 crastino,
778 3598 1016 3656 convenerunt
1028 3609 1147 3654 omnes
1159 3615 1216 3655 soen
1229 3615 1311 3664 raam

194 3690 320 3755 iterum
336 3692 379 3756 ad
394 3701 553 3757 sanctum
568 3690 716 3756 Paulum
734 3692 770 3754 in
786 3690 932 3756 ecclesia
943 3689 1144 3768 cathedrali,
1158 3666 1302 3756 lllww

193 3791 264 3868 ubi,
280 3799 361 3875 post
377 3793 505 3857 multos
522 3800 556 3857 et
568 3793 682 3856 varios
693 3791 736 3855 de
746 3789 919 3854 interdicti
931 3789 1146 3854 relaxatione

193 3898 378 3970 tractatus,
403 3899 486 3956 ante
508 3892 622 3975 majus
646 3891 757 3955 altare
779 3909 894 3954 coram
915 3889 1008 3953 clero
1027 3896 1063 3953 et
1082 3906 1145 3970 po·

191 3990 275 4072 pulo
296 3999 422 4056 exacta
441 3998 495 4056 est
515 4010 537 4055 a
559 4010 640 4073 rege
660 3997 695 4054 et
712 3989 879 4054 innovata
900 3988 961 4053 illa
983 4007 1052 4052 non
1074 3987 1144 4051 for-

191 4109 289 4154 mosa
309 4091 370 4155 sed
397 4091 530 4156 famosa
554 4090 737 4174 subjectio,
760 4108 842 4171 qua,
865 4089 900 4150 in
922 4107 1061 4151 manum
1082 4086 1144 4150 do-

493 4238 620 4304 ¹Eodie.]
637 4239 795 4301 ‘Quotidie'
807 4241 837 4289 G.
1027 4314 1042 4357 ²

994 4322 1009 4357 r
