2970 5016
338 436 405 502 276
591 448 725 496 nocem
751 448 797 494 nn
821 444 1027 493 wnnoovnn

179 620 302 661 11111213-
340 607 425 671 mini
441 625 541 689 papae
560 605 754 684 diademate
777 604 853 668 cnm
873 623 980 685 regno
1003 603 1194 682 resignato,
1221 606 1290 663 tam

311 741 312 744 ¹
341 707 531 771 dominium
547 704 728 769 Hiberniae
744 724 848 787 qnam
864 722 1007 785 regnum
1024 695 1199 764 ¹snbdidit
1219 697 1291 761 An·

342 806 538 888 glicannm3
569 805 690 868 charta
721 822 859 885 quoque
889 803 992 883 regis,
1023 801 1066 865 de
1099 818 1170 882 qua
1192 817 1293 880 snpe-

343 906 416 969 rius
441 905 605 980 diximus,
633 923 712 985 qnae
740 901 836 985 prins
860 920 941 965 cera
961 901 1101 983 signata
1121 899 1237 964 fuerat
1261 904 1296 960 et

345 1003 553 1085 Pandulpbo
591 1002 731 1078 tradita,
762 1021 854 1064 nunc
889 1019 974 1064 auro
1014 1000 1146 1064 bullata
1178 1003 1232 1061 est
1260 1004 1295 1060 et

344 1105 462 1186 legato
483 1103 526 1167 ad
551 1121 639 1184 opus
660 1101 788 1165 domini
814 1120 914 1182 papae
939 1108 974 1164 et
997 1099 1168 1164 Romanae
1189 1096 1296 1160 eccle·

345 1204 406 1266 siae
422 1203 617 1284 resignata3
641 1220 746 1283 super
760 1195 972 1263 ²ablatorum
984 1218 1066 1263 vero
1079 1196 1296 1274 restitutione

346 1295 467 1367 tertio³
495 1320 605 1364 nonas
632 1300 841 1366 Novembris
867 1298 960 1381 apud
983 1298 1185 1378 Radingum
1207 1295 1296 1359 diem

347 1407 557 1466 statuerunt.
586 1398 743 1482 Cumque
755 1400 809 1463 die
821 1398 896 1483 jam
913 1399 1095 1480 praelibato
1110 1414 1243 1473 omnes
1258 1402 1297 1457 ut

347 1501 519 1583 superius,
541 1499 795 1575 convenissent,
816 1518 880 1562 rex
905 1498 960 1561 die
982 1498 1042 1561 illo
1065 1516 1134 1560 non
1158 1501 1297 1576 compa·

348 1601 429 1677 ruit,
444 1600 505 1664 sed
516 1599 571 1662 die
587 1599 689 1663 tertio
701 1598 793 1681 apud
807 1596 1048 1678 Walingeford
1065 1597 1191 1660 iterum
1207 1595 1298 1676 pari·

349 1707 402 1762 ter
419 1703 676 1777 convenerunt3
703 1698 761 1761 ubi
779 1717 854 1774 rex,
879 1704 1051 1779 utsupra,
1075 1695 1118 1759 de
1138 1695 1297 1759 omnibns

349 1799 475 1863 ablatis
501 1798 670 1880 episcopis
691 1804 727 1860 et
748 1796 825 1860 aliis
850 1796 1019 1860 universis
1042 1815 1079 1859 se
1099 1794 1298 1859 satisfactu-

348 1918 425 1961 rum
449 1905 629 1980 gratanter·
653 1897 850 1979 spopondit,
877 1895 937 1959 sed
964 1895 1029 1959 boc
1050 1894 1133 1971 illis,
1151 1913 1296 1976 qnorum

348 1997 494 2062 castella
519 1996 646 2072 diruta,
675 1996 797 2060 domus
824 1996 1012 2071 subversae,
1039 1994 1193 2077 pomeria
1221 2013 1298 2056 cum

347 2097 546 2159 nemoribus
584 2095 719 2159 succisa
747 2094 895 2171 snerant,
933 2113 1056 2177 parurn
1093 2092 1297 2171 videbatur3

351 2194 440 2258 unde
458 2214 520 2257 rex
540 2202 576 2257 et
592 2194 745 2276 episcopi
762 2196 798 2257 in
814 2193 880 2259 hoc
894 2193 1024 2275 pariter
1039 2196 1299 2269 consenserunt,

350 2302 389 2356 ut
417 2293 453 2355 in
479 2292 620 2357 arbitrio
640 2301 791 2374 quatuor
813 2294 981 2357 baronum
1003 2311 1040 2356 se
1063 2294 1241 2374 ponerent,
1265 2299 1300 2355 et

348 2392 400 2456 sic
415 2391 569 2475 ipsorum
587 2392 720 2476 jndicio
738 2393 954 2457 satisfaceret
972 2391 1155 2456 universis.
1209 2391 1300 2456 Con-

349 2499 518 2555 venerunt
541 2492 665 2556 iterum
688 2512 750 2556 rex
773 2511 850 2556 cum
872 2492 1002 2574 legato,
1021 2490 1301 2575 archiepiscopus

348 2610 427 2654 cnm
444 2592 631 2674 episcopis,
653 2592 873 2673 magnatibus
896 2610 938 2655 ac
959 2591 1120 2656 omnibns
1143 2591 1227 2657 viris
1250 2611 1301 2656 re·

349 2690 482 2772 ligiosis
512 2691 556 2754 ad
587 2690 761 2755 interdicti
798 2690 974 2772 negotium
1008 2691 1301 2772 contingentibus

350 2789 442 2871 apnd
473 2789 671 2872 Radingum
712 2797 838 2855 octavo
879 2790 958 2855 idus
989 2790 1206 2869 Decembris,
1242 2792 1300 2856 ubi

351 2888 480 2970 singuli
508 2889 664 2953 chartam
691 2893 921 2972 porrexerunt
944 2890 981 2953 in
1009 2890 1198 2972 publicum,
1230 2911 1302 2955 om·

351 2987 448 3049 nium
473 2987 666 3051 ablatorum
694 2997 729 3053 et
752 2988 955 3053 damnorum
980 3009 1149 3054 summam
1173 2990 1302 3073 pariter

352 3086 605 3166 continentem
628 3089 701 3165 sed,
718 3089 835 3171 legato
856 3090 929 3170 regi
946 3089 1099 3154 favorem
1115 3091 1303 3173 praebente,

352 3185 481 3249 solutio
504 3187 654 3250 omnium
678 3188 877 3253 dilationem
905 3189 1051 3271 accepit,
1077 3197 1226 3271 excepto
1250 3210 1303 3267 eo,

353 3284 445 3366 qnod
472 3285 750 3369 archiepiscopus
775 3296 811 3352 et
830 3289 984 3371 episcopi
1006 3288 1136 3370 dudum
1159 3290 1203 3352 ab
1227 3288 1301 3353 An-

354 3384 426 3466 glia
451 3386 635 3468 proscripti
664 3376 786 3451 ibidem
814 3388 1010 3469 quindecim
1035 3385 1144 3451 millia
1168 3407 1302 3454 marcas

355 3486 489 3566 argenti
507 3495 744 3568 perceperunt.
920 3479 921 3482 '

388 3658 548 3731 ¹Ssbdidit.]
571 3665 619 3713 See
630 3665 672 3714 the
684 3666 819 3715 charteros
840 3667 956 3716 ecclesias
973 3672 998 3715 et
1013 3667 1081 3716 clero
1099 3668 1178 3718 illatis
1193 3674 1303 3732 tempore

353 3733 506 3793 resignation
518 3734 568 3782 nnd
580 3733 642 3783 form
658 3735 687 3783 os
700 3734 815 3797 homage,
840 3742 914 3784 motae
934 3737 1068 3785 discordiae
1087 3739 1153 3788 inter
1172 3753 1258 3802 regem
1279 3744 1304 3788 et

354 3816 383 3850 or
392 3802 451 3851 ontb
463 3802 492 3851 oi
505 3802 592 3865 senlty,
607 3805 634 3852 in
645 3806 747 3867 Rymer,
758 3806 776 3855 i.
789 3820 814 3868 p.
840 3805 935 3854 clerum
947 3803 1068 3868 Angliae.'
1104 3808 1152 3856 See
1171 3809 1274 3870 Rymer,
1284 3811 1300 3859 i.

356 3875 412 3922 115.
841 3880 937 3936 plid.
973 3875 1302 3929 Thensmesostbecom·

390 3937 550 3990 ²Ab1ntornm
566 3957 621 3991 vero
636 3941 815 4006 restitutione]
841 3946 985 3995 missionem
997 3960 1040 3994 are
1058 3947 1159 4006 printed
1175 3953 1202 3997 st
1218 3949 1301 4011 length
1352 3985 1356 3991 -

355 4009 386 4057 In
395 4010 437 4059 the
450 4011 542 4059 Patent
553 4011 625 4060 Bolis
642 4012 761 4060 isawrit
772 4012 816 4060 ad·
841 4016 866 4063 in
890 4015 941 4064 Mr.
962 4010 1074 4077 Hnrdy’s
1094 4016 1190 4066 edition
1212 4019 1241 4068 of
1261 4019 1300 4067 tbe

355 4079 459 4129 dressed
475 4085 501 4129 to
514 4081 556 4130 the
567 4081 666 4130 sberiffs
676 4081 706 4129 of
719 4083 815 4131 somer·
840 4098 909 4133 seme
921 4085 1002 4147 Bolis,
1014 4100 1040 4146 p.
1055 4090 1111 4136 164.

356 4154 404 4210 set,
416 4149 518 4211 Dorset,
529 4157 577 4201 etc.
589 4151 698 4212 intitled,
709 4151 765 4200 ‘De
777 4153 815 4201 in·

355 4219 490 4279 quisitione
502 4221 618 4271 iacienda
629 4235 706 4282 snper
717 4222 815 4271 damnis
875 4219 1001 4291 trena]
1019 4223 1171 4286 ‘Secundn’
1186 4229 1216 4276 C.
