2970 5016
361 444 404 507 16
614 460 748 508 nocnnr
775 462 821 508 nn
845 462 1049 510 wnunovnn

161 673 164 678 .
196 628 320 669 Μυθι-
360 619 508 684 duxerat
532 623 566 684 in
591 641 755 701 uxorem
786 623 877 705 quod
906 623 1048 685 audiens
1074 622 1224 704 legatus,
1253 644 1312 707 ap

360 720 582 800 pellationem
600 739 698 783 suam
718 721 933 785 confirmavit
951 729 986 785 et
1002 731 1129 785 terram
1151 727 1310 788 suamab

358 818 541 883 interdicto
558 820 743 883 relaxavit.

400 992 533 1055 Docimo
541 1013 624 1077 poro
639 1014 743 1056 rerum
759 995 805 1057 od
815 993 1036 1058 subventionem
1052 1005 1140 1058 tem
1153 1006 1266 1061 aarum

686 1093 721 1155 in
736 1093 856 1178 Aeolio
874 1094 979 1156 (lotor.

192 1224 326 1314 {mm
408 1211 553 1279 Eodem¹
577 1225 730 1299 tempore
747 1219 880 1280 decima
903 1238 982 1300 pars
998 1237 1111 1281 rerum
1131 1219 1307 1283 mobilium

356 1315 563 1394 generaliter
581 1335 747 1380 concessa
770 1336 832 1398 per
849 1315 1024 1398 Angliam,
1045 1327 1080 1381 et
1101 1318 1246 1383 collecta
1261 1320 1307 1384 ad

355 1414 615 1478 subventionem
648 1424 749 1478 terroe
779 1424 923 1492 sanctae,
951 1425 1021 1479 tam
1046 1416 1174 1480 clerum
1200 1437 1304 1500 quam

354 1513 520 1594 populum
547 1515 729 1578 exactione
749 1514 902 1578 violenta
923 1516 1120 1595 perterruit,
1139 1536 1218 1598 quae
1239 1520 1304 1581 sub

353 1611 579 1695 eleemosynae
619 1613 719 1677 titulo
757 1614 878 1676 vitium
919 1615 1120 1695 rapacitatis
1151 1615 1302 1680 inclusit.

354 1709 483 1773 Eodem
503 1720 655 1794 tempore
674 1711 869 1776 Richardus
893 1713 1144 1776 Londoniensis
1165 1722 1201 1777 et
1215 1715 1302 1779 Wil-

352 1807 475 1872 lelmus
508 1810 657 1874 Eliensis
689 1812 789 1875 electi
819 1811 928 1893 pridie
951 1810 1119 1875 kalendas
1142 1812 1301 1876 Januarii

351 1907 443 1989 apud
477 1909 675 1973 Lemheiam
707 1931 831 1973 munus
862 1911 1129 1975 consecrationis
1162 1932 1301 1995 accepe

350 2016 443 2071 runt.

394 2178 436 2243 Ut
453 2201 533 2265 repes
550 2182 750 2265 confoederat-i
766 2192 882 2247 terram
896 2195 1037 2248 soractem
1051 2184 1147 2249 simol
1154 2195 1258 2271 potero

727 2282 925 2346 decreverint.

185 2414 313 2513 miso.
400 2400 503 2465 Anno
519 2402 712 2466 Dominicae
730 2403 924 2468 nativitatis
940 2418 1053 2467 noxe.
1069 2396 1149 2465 ²ren
1168 2403 1300 2485 Anglo

184 2469 326 2604 rip-effic
348 2520 423 2562 rum
450 2500 647 2565 Richardus
672 2502 715 2565 ad
739 2503 856 2567 natale
886 2503 1027 2566 Domini
1054 2501 1154 2566 suit·
1144 2522 1180 2565 m
1208 2503 1300 2567 Nor·

184 2574 334 2704 {¹3}ssth
347 2600 488 2663 mannia
510 2601 602 2683 apud
628 2602 771 2679 Burum,
794 2609 830 2665 et
852 2603 898 2664 ibi
923 2601 1034 2665 tenuit
1056 2601 1208 2665 solemne
1230 2602 1298 2665 ies-

182 2714 288 2805 iffi?
296 2716 334 2756 u·
347 2706 420 2762 tum
443 2720 519 2764 cum
544 2701 747 2783 primatibus
769 2709 870 2765 terrae
889 2701 1004 2779 illins;
1028 2707 1063 2763 et
1084 2709 1165 2782 post
1182 2702 1299 2766 natale

278 2793 283 2804 '
346 2798 499 2864 habitum
523 2809 577 2864 est
596 2800 805 2882 colloquium
825 2801 916 2864 inter
938 2819 1037 2881 reges
1053 2799 1246 2879 Anglorum
1263 2815 1299 2866 et

348 2898 558 2962 Francorum
581 2898 624 2961 ad
650 2899 775 2963 vadum
801 2900 914 2963 sancti
939 2898 1103 2980 Remigii,
1125 2900 1183 2961 ubi
1206 2900 1298 2965 inter

345 3016 405 3060 eos
422 2999 595 3072 convenit,
613 2998 704 3079 quod
722 2998 789 3061 iter
807 2998 1164 3080 Hierosolymitanum
1181 2999 1296 3076 simul,

345 3094 492 3159 ducente
509 3097 670 3174 Domino,
687 3097 903 3179 expedirent.
957 3096 1085 3161 Forma
1102 3105 1218 3161 autem
1233 3117 1296 3180 pa-

345 3195 395 3257 cis
412 3195 447 3257 in
467 3194 555 3258 sesto
578 3197 690 3260 sancti
708 3196 850 3272 Hilarii,
873 3196 1102 3278 praesentibus
1125 3197 1296 3279 episcopis

345 3302 380 3356 et
396 3295 616 3375 magnatibus
633 3295 812 3377 utriusque
830 3296 939 3376 regni,
950 3294 1110 3358 cautione
1121 3293 1297 3376 juratoria

344 3392 481 3458 firmata
498 3401 552 3457 est
570 3395 657 3459 etin
681 3396 845 3477 scriptum
865 3396 899 3457 in
918 3394 1007 3457 hunc
1024 3392 1161 3455 modum
1179 3395 1297 3458 redae.

346 3499 401 3570 ta;
427 3493 527 3573 ‘Ego
550 3492 743 3576 Philippum
767 3514 828 3557 rex
856 3493 1081 3569 Francorum,
1105 3491 1295 3570 Richardo,

344 3593 416 3672 regi
443 3591 649 3673 Anglornm,
680 3594 803 3656 bonam
827 3593 928 3656 iidem
957 3592 1116 3667 servabo,
1142 3600 1180 3656 ut
1203 3593 1294 3656 fideli

343 3700 472 3755 meoet
494 3692 617 3767 amico,
635 3692 677 3754 dc
694 3694 768 3756 vita
789 3702 825 3756 et
843 3692 1003 3755 membris
1023 3699 1058 3755 et
1079 3691 1207 3755 honore
1225 3702 1294 3755 ter-

342 3810 447 3869 reno;
471 3799 506 3854 et
529 3811 594 3871 ego
622 3811 683 3855 rex
708 3791 902 3873 Anglorum
928 3791 1124 3855 Richardus
1146 3790 1293 3873 idipsum

342 3891 414 3971 regi
439 3889 652 3953 Francorum
675 3891 787 3954 secere
808 3892 972 3973 promitto
989 3889 1032 3952 do
1049 3890 1121 3953 vita
1139 3899 1174 3953 et
1192 3910 1294 3953 mem-

377 4066 488 4117 1Ιίοιὶειιι
499 4070 624 4132 tempora]
642 4069 744 4132 Dicam,
756 4070 803 4118 col.
867 4065 944 4116 'Rex
964 4068 1101 4129 Augurum
1123 4065 1293 4136 Richardus]

340 4141 398 4186 65⁰.
832 4138 956 4198 Compare
969 4137 1101 4186 Benedict.
1119 4153 1145 4198 p.
1163 4143 1221 4200 582,
1231 4139 1293 4187 with

831 4207 932 4268 niceto,
944 4207 992 4256 col.
1004 4210 1062 4255 660.
