2970 5016
375 459 516 510 ruccas
539 460 811 512 nrsrcnmcuu.
1002 446 1069 512 207

112 614 233 699 tempii
263 634 384 681 versus
419 617 585 680 orientem
619 616 755 679 animae·
784 615 1068 693 conscenderant,
1083 633 1205 722 aasz&

112 723 214 779 tanto
241 715 456 780 candidiores
479 722 517 778 et
539 715 720 778 nitidiores
746 714 888 778 fiebant.
942 714 1068 779 Multae
1081 684 1184 774 imm

112 815 310 878 mansiones
330 813 663 896 praeclarissimam
684 813 746 876 illa
766 832 895 894 magna
909 813 1069 877 viseban-

115 921 173 976 tur
205 913 363 991 basilica,
396 912 433 974 in
469 911 595 992 quibus
621 911 797 994 justorum
826 911 953 975 enimse
988 913 1070 975 nive

114 1012 332 1075 candidiores
358 1010 608 1085 mausieabtmt,
634 1028 780 1092 quorum
804 1009 923 1074 vultus
950 1016 989 1073 et
1011 1029 1070 1074 co·

115 1128 211 1173 runae
233 1111 329 1173 velut
351 1110 415 1172 lux
439 1127 546 1172 aurea
564 1108 770 1171 rutilabant.
816 1107 978 1189 Singulis
997 1107 1068 1171 die

115 1207 181 1270 bus
198 1208 303 1272 certis
325 1207 419 1272 horis
443 1207 581 1270 cantica
602 1206 646 1269 de
670 1206 766 1269 caelis
792 1206 950 1283 audiunt,
973 1205 1070 1270 velut

115 1306 146 1368 si
159 1307 320 1369 concordi
332 1304 482 1369 melodia
493 1304 609 1368 omnia
620 1303 828 1368 musicorum
844 1324 973 1386 genera
989 1324 1083 1381 con--

116 1412 315 1487 creparuut,
343 1421 421 1486 qute
450 1404 503 1468 ita
529 1422 648 1466 omnes
678 1402 845 1485 tempium
874 1403 1070 1466 inhabitan-

116 1509 170 1565 tes
197 1504 297 1566 suavi
320 1502 472 1584 quadam
502 1501 683 1564 dulcedine
707 1500 880 1564 demulcet
906 1519 949 1565 ae
981 1500 1070 1564 reio·

116 1608 189 1676 vet,
208 1601 306 1664 velut
326 1602 357 1664 si
380 1601 532 1663 omnium
553 1599 776 1663 reficerentur
803 1598 934 1663 deliciis
959 1598 1070 1662 fercu-

116 1698 254 1778 lorum3
287 1698 357 1762 ille
380 1717 476 1775 vero,
503 1716 584 1779 quae
611 1697 765 1762 exterius
790 1697 828 1760 in
856 1697 954 1761 atriis
978 1696 1070 1760 basi-

117 1796 195 1860 licae
221 1797 470 1872 consistebant,
500 1796 634 1859 nullum
663 1795 706 1859 de
735 1795 802 1859 buc
831 1794 963 1859 caelesti
987 1814 1071 1858 con-

117 1903 222 1959 centu
255 1913 379 1959 sonum
408 1895 629 1958 merebantur
655 1894 788 1957 audire.
855 1892 927 1958 Hic
953 1900 1069 1957 autem

117 1992 273 2075 plerique
298 2000 496 2057 sanctorum
521 1993 623 2074 quasi
648 1992 789 2075 propria
812 1991 986 2055 babeth
1008 1991 1070 2054 do·

118 2091 258 2168 micilia,
291 2092 350 2154 ubi
380 2090 579 2173 specialiter
607 2091 673 2154 sibi
704 2098 786 2172 post
816 2090 1002 2154 Dominum
1033 2090 1069 2153 in

118 2189 236 2270 aliquo
258 2189 465 2252 famulantes
485 2187 632 2252 feliciter
651 2189 877 2271 recipiebant,
895 2208 954 2253 ecs
975 2195 1071 2270 post·

118 2288 257 2350 modum
278 2287 522 2370 praesentaturi
539 2276 620 2350 ante
635 2294 860 2370 conspectum
876 2287 955 2351 Dei.

265 2457 317 2522 Dc
323 2456 480 2543 paradiso
495 2464 523 2521 ct
535 2454 645 2520 Adam
655 2456 765 2542 pricio
775 2463 919 2541 porculo.

170 2581 393 2645 Divertentes
413 2587 530 2644 autem
551 2579 595 2642 ad
616 2579 757 2662 plagam
775 2576 895 2658 templi
913 2576 1069 2658 praedicti

115 2679 321 2744 orientalem
342 2685 574 2760 pervenerunt
591 2678 636 2740 ad
654 2677 768 2741 locum
786 2674 1070 2753 amoenissimum,

118 2777 303 2841 herbarum
325 2776 518 2860 florumque
534 2776 705 2840 varietate
724 2772 952 2857 splendidum,
969 2774 1071 2838 arbo·

119 2895 197 2938 rum
220 2876 464 2958 fructuumque
489 2874 684 2956 flagrantia
708 2872 884 2948 refertum,
906 2873 965 2936 ubi
988 2891 1070 2936 oon·

117 2974 235 3056 spexit
258 2974 403 3037 eductus
425 2974 486 3037 ille
507 2973 637 3037 sontem
661 2971 921 3047 lucidissimum,
942 2971 1001 3052 qui
1023 2989 1069 3034 ex

118 3092 158 3136 se
171 3079 320 3154 quatuor
334 3071 463 3135 rivulos
477 3071 605 3135 diversi
619 3070 763 3153 liquoris
781 3077 817 3132 et
831 3069 956 3134 coloris
973 3069 1069 3132 emit»

120 3171 241 3250 tebat;
273 3190 379 3252 super
407 3169 499 3233 bunc
525 3169 654 3234 fontem
685 3176 761 3233 erat
786 3168 889 3232 arbor
910 3167 1069 3248 pulcher·

117 3269 208 3330 rimu
228 3268 324 3332 mirae
346 3267 596 3348 magnitudinis
622 3275 657 3331 et
679 3268 857 3331 immensae
880 3266 1069 3347 procerita-

118 3367 177 3441 tis,
191 3385 272 3448 quae
291 3362 588 3448 omnigen[or]um
610 3364 823 3429 abundantia
839 3364 1010 3428 fructuum
1029 3382 1070 3426 ae

117 3465 312 3546 specierum
332 3463 525 3528 redolentia
547 3462 720 3527 affluebat.
771 3463 843 3527 Sub
866 3461 931 3524 hac
947 3462 1070 3524 arbore

117 3581 229 3644 prope
257 3562 388 3626 ionum
420 3561 659 3645 requiescebat
693 3561 796 3625 bomo
831 3558 972 3641 quidam
1010 3577 1070 3620 ve·

118 3668 234 3724 nustae
255 3659 376 3724 forme
401 3679 445 3724 ae
471 3660 637 3742 gigantaei
662 3659 829 3743 corporis,
851 3657 911 3739 qui
932 3675 955 3719 a
975 3654 1071 3738 pedi-

120 3759 186 3822 bus
209 3778 321 3840 usque
343 3759 388 3821 ad
414 3765 535 3840 pectus
557 3758 701 3822 indutus
723 3763 798 3820 erat
820 3755 970 3837 quodam
992 3772 1070 3818 ves·

119 3857 266 3920 timente
284 3857 376 3921 varii
395 3856 522 3921 colafis
547 3863 582 3920 et
601 3856 689 3919 mira
712 3852 966 3937 pulchritudine
988 3870 1070 3915 con·

120 3961 220 4018 texto
237 3975 247 4033 3
279 3974 325 4018 ex
346 3974 418 4018 uno
439 3954 541 4019 oculo
564 3953 676 4017 ridere
696 3961 733 4016 et
754 3952 873 4033 lugere
894 3970 939 4015 cx
961 3949 1072 4013 altero

119 4052 314 4117 videbatur.
362 4052 485 4130 ‘Hie’
507 4052 620 4134 iuquit
641 4058 783 4115 sanetus
807 4048 970 4123 Michael,
997 4051 1073 4111 ‘est
