2970 5016
351 429 418 495 370
607 446 741 494 nocant
765 445 812 492 on
834 445 1042 493 wannovna

192 607 247 648 ¹⁴11>-
258 609 315 649 ¹²¹⁶·
354 602 577 684 complicibus
602 611 638 667 et
657 603 849 667 fautoribus
874 603 958 677 suis,
979 611 1015 665 et
1033 602 1208 683 praecipue
1233 622 1304 667 ma·

217 726 220 731 ·
351 701 498 781 gistrum
528 702 702 766 Simonem
724 702 767 765 de
795 701 1012 781 Langetnna,
1039 701 1188 782 pulsatis
1211 720 1303 765 cam·

351 801 451 880 panis
471 807 507 864 et
522 802 675 864 candelis
696 801 852 863 accensis
869 800 1196 877 excommunicavit,
1213 820 1301 882 prae·

350 898 481 980 cipieus
504 898 588 980 ipsis
612 900 784 982 episcopis
809 906 845 962 et
864 897 941 960 aliis
963 899 1147 974 universis,
1169 906 1211 962 nt
1232 900 1300 962 sin·

350 996 442 1076 gulis
477 998 667 1061 Dominicis
696 998 818 1060 diebus
853 1016 894 1060 ac
927 996 1062 1059 festivis
1095 1015 1158 1077 per
1190 1004 1299 1060 totam

350 1093 515 1175 Angliam
546 1097 752 1160 sententiam
779 1096 1018 1178 publicarent3
1054 1096 1116 1158 sed
1147 1096 1192 1158 ad
1225 1097 1299 1159 haec

349 1195 515 1275 magister
537 1195 656 1259 Simon
679 1194 721 1257 de
746 1194 954 1275 Langetuna
976 1201 1012 1256 et
1027 1195 1196 1274 magister
1213 1194 1298 1258 Ger·

349 1293 468 1356 vasius
488 1293 530 1357 de
549 1292 748 1374 Hobregga
769 1293 923 1356 ecclesiae
943 1293 1057 1355 sancti
1078 1291 1183 1356 Pauli
1207 1293 1298 1357 Lon·

349 1390 500 1454 dioensis
521 1399 724 1474 praecentor,
746 1411 825 1454 cum
848 1390 1053 1473 quibusdam
1079 1393 1170 1468 aliis,
1199 1392 1296 1457 dixe·

348 1496 442 1566 runt,
464 1509 502 1554 se
531 1510 593 1572 pro
611 1492 690 1573 jure
717 1496 752 1553 et
773 1496 868 1552 statu
889 1488 1066 1553 Lodovvici
1089 1490 1296 1572 appellasse,

349 1587 439 1650 unde
477 1588 682 1653 seutentiam
724 1588 818 1651 illam
858 1587 990 1650 irritam
1032 1587 1230 1653 habuerunt
1264 1598 1298 1655 et

347 1685 496 1749 inanem.
562 1685 693 1750 Eodem
726 1693 878 1767 tempore
910 1695 1127 1750 recesserunt
1157 1706 1179 1750 a
1216 1708 1296 1770 rege

347 1781 372 1845 J
375 1783 511 1847 ohanne
529 1784 656 1848 milites
679 1803 798 1847 omnes
819 1792 856 1846 et
874 1785 1064 1848 servientes
1087 1784 1133 1848 de
1155 1788 1295 1867 regione

349 1881 555 1946 Flandrensi
572 1891 608 1947 et
623 1882 749 1945 finibus
764 1882 1016 1957 transmarinis,
1037 1892 1164 1964 praeter
1182 1885 1293 1948 solum

347 1978 597 2057 Pictavienses,
624 2000 769 2063 quorum
797 1980 936 2061 qnidam
967 1980 1155 2046 Lodowico
1180 1982 1295 2047 adhae·

346 2086 478 2154 serunt,
494 2079 651 2142 nonnulli
665 2097 748 2143 vero
763 2077 807 2140 ad
824 2078 964 2160 propria
979 2089 1190 2146 remearunt.

399 2237 544 2313 Qualiter
559 2238 743 2304 lodowicus
756 2241 908 2305 australes
924 2242 1047 2327 Anulis
1060 2244 1249 2326 preciosius

708 2337 929 2424 suhiuquocra‘t.

394 2457 467 2523 Sub
488 2460 609 2525 diebus
634 2460 710 2525 istis
739 2461 945 2526 Lodowicus
970 2463 1014 2525 ab
1042 2466 1128 2529 urbe
1155 2465 1292 2531 londo·

344 2557 478 2620 niarum
521 2559 557 2621 iu
601 2560 755 2623 maximo
796 2560 944 2624 militum
981 2563 1134 2626 tumultu
1170 2567 1290 2630 exiens

344 2655 480 2719 Cantiae
518 2658 730 2738 provinciam
765 2656 938 2721 hostiliter
972 2659 1112 2736 invasit,
1147 2681 1290 2745 eamque

343 2754 408 2816 sihi
432 2760 555 2831 totam,
585 2762 712 2835 praeter
740 2755 940 2819 Doverense
966 2763 1130 2835 castrum,
1158 2762 1289 2825 nemine

342 2852 523 2916 resistente
553 2854 700 2933 subegit.
767 2853 901 2917 Deinde
932 2857 1156 2937 progrediens
1189 2859 1291 2923 Suth-

341 2968 463 3013 sexam
488 2970 565 3014 cum
590 2950 684 3014 villis
712 2958 747 3014 et
770 2953 1018 3016 munitionibus
1045 2963 1208 3036 potenter
1229 2960 1289 3021 ob·

342 3049 458 3123 tinuit,
485 3049 543 3111 ubi
567 3049 708 3131 juvenis
732 3049 880 3131 quidam,
902 3044 1116 3116 ¹Willelmus
1143 3058 1288 3131 nomine,

343 3145 527 3210 Lodowico
559 3146 760 3211 fidelitatem
795 3149 906 3212 facere
939 3157 1174 3230 contemnens,
1212 3176 1289 3219 con·

341 3246 496 3326 gregatis
519 3245 613 3309 mille
635 3246 838 3327 sagittariis,
858 3247 936 3310 loca
956 3248 1094 3313 deserta
1116 3259 1154 3314 et
1174 3272 1288 3318 nemo·

339 3361 432 3418 rosa,
459 3344 582 3426 quibus
605 3344 667 3406 illa
699 3345 853 3408 abundat
879 3346 988 3425 regio,
1015 3350 1150 3428 petivit,
1184 3360 1286 3434 atque

338 3446 415 3504 toto
443 3441 644 3506 hostilitatis
667 3450 821 3524 tempore
852 3442 1076 3525 Francigenis
1109 3448 1213 3512 nimis
1240 3450 1287 3512 in-

336 3537 448 3602 festus
465 3540 575 3605 multa
592 3559 637 3603 ex
654 3541 703 3603 eis
723 3541 831 3604 millia
848 3540 1030 3606 interfecit.
1084 3543 1287 3611 bodonicus

339 3637 477 3699 tandem
498 3632 733 3701 ²Wintoniam
756 3639 896 3702 veniens
922 3640 1098 3705 civitatem
1123 3645 1190 3708 sibi
1212 3666 1286 3709 cnm

375 3809 383 3838 ¹
400 3812 537 3861 Willelmus
553 3812 668 3876 nomiae]
680 3813 689 3840 ‘
701 3813 798 3862 Willel·
823 3818 877 3873 ter3
889 3815 935 3863 but
945 3815 1049 3865 thaltbe
1062 3816 1135 3878 king,
1146 3817 1252 3880 bearing
1263 3817 1289 3868 ul

337 3894 394 3927 mus
416 3881 448 3928 de
467 3880 646 3944 Colingehame
668 3883 767 3931 uomina
780 3878 798 3944 ;'
823 3882 863 3930 his
881 3884 1018 3945 approach,
1034 3885 1190 3934 ‘draconem
1213 3902 1284 3936 suum

338 3947 403 3998 Mat.
416 3949 501 3998 Paris.
823 3951 941 4012 deposuit
952 3958 977 4000 et
988 3953 1106 4016 aufugit,’
1123 3955 1170 4003 but
1184 3961 1229 4005 not
1246 3957 1285 4004 be·

822 4019 874 4068 sore
891 4021 923 4069 he
939 4021 990 4070 had
1007 4028 1045 4070 set
1062 4025 1107 4071 tire
1121 4028 1148 4071 to
1164 4025 1207 4072 the
1219 4032 1284 4074 tovvn

367 4077 536 4130 ’Wintoainm
543 4083 640 4132 cestim
647 4079 794 4151 civitatem]
822 4089 848 4136 in
864 4089 922 4137 four
940 4091 1035 4151 places.
1078 4092 1103 4139 lt
1122 4106 1233 4153 appears
1252 4095 1283 4154 by

219 4210 221 4214 λ
336 4146 495 4210 coggeshala
512 4151 569 4199 tells
585 4166 617 4200 us
634 4153 689 4202 that
705 4152 736 4201 be
753 4168 797 4202 ex·
820 4156 863 4206 the
880 4158 1006 4220 ltinernry
1016 4160 1072 4208 that
1086 4159 1157 4208 John
1172 4161 1225 4210 bad
1240 4161 1283 4211 lest

335 4218 425 4276 pected
436 4223 463 4266 to
479 4219 531 4267 tind
542 4220 610 4269 John
626 4226 653 4271 at
663 4221 795 4271 Winebes·
821 4226 980 4278 winchester
991 4228 1077 4281 ontbe
1088 4227 1133 4277 oth
1144 4229 1221 4281 June.
