2970 5016
470 489 610 538 neonus
634 489 904 540 maronianum.
1090 475 1158 542 233

204 647 351 723 studuit,
377 654 416 711 ut
439 655 511 711 tam
534 667 556 711 a
578 647 818 730 persecutione
847 647 1016 711 Romauae
1048 648 1157 713 eccle·
1172 665 1295 705 ult-¹²1⁰·

201 748 277 823 siae,
301 765 408 828 quam
433 766 455 810 a
481 747 574 828 regis
600 746 727 810 Siciliae
753 765 795 810 ac
818 747 937 810 tutelae
964 749 1157 813 commissae

203 845 277 908 sedi
295 845 497 928 apostolicae
516 845 807 922 exhaeredatione,
821 853 988 935 cessaret.
1042 847 1159 930 Impe-

203 952 299 1008 rator
315 953 432 1008 autem
451 945 581 1009 nuntiis
603 944 733 1008 domini
753 963 854 1027 papae
873 945 942 1009 talo
957 945 1158 1028 perhibetur

203 1043 339 1106 dedisse
370 1063 585 1127 responsum,
607 1041 693 1119 ‘Si‚'
717 1043 842 1126 inquit,
864 1049 1047 1108 ‘summus
1069 1065 1156 1127 pon·

204 1142 291 1205 tifex
315 1144 450 1224 imperii
473 1143 556 1226 jura
578 1142 707 1227 injuste
729 1143 906 1225 possidere
932 1144 1118 1221 desiderat,
1134 1165 1157 1209 a

203 1250 433 1319 sacramento,
462 1242 554 1324 quod
584 1249 738 1324 tempore
770 1244 1039 1307 consecrationis
1069 1263 1156 1308 meae

204 1340 249 1403 ad
277 1340 480 1421 dignitatem
508 1340 721 1424 imperialem
748 1360 802 1404 me
827 1341 948 1425 jurare
976 1342 1156 1424 compulit,

203 1439 375 1516 absolvat,
391 1440 483 1521 quod
505 1440 664 1504 videlicet
680 1439 837 1521 dispersa
853 1441 987 1523 imperii
1004 1441 1087 1523 jura
1103 1461 1157 1506 re·

203 1557 361 1601 vocarem
378 1539 481 1602 simul
498 1549 534 1603 et
550 1538 671 1602 habite
687 1539 950 1602 conservarem!
995 1539 1155 1623 Denique

203 1656 281 1700 cum
304 1657 397 1720 papa
422 1639 535 1721 ipsum
562 1639 804 1720 imperatorem
831 1657 853 1702 a
877 1637 1035 1720 praestito
1057 1638 1157 1722 jura·

203 1745 331 1813 mento,
357 1737 448 1818 quod
480 1756 598 1801 omnes
624 1737 850 1818 imperatores
878 1738 914 1800 in
944 1756 1009 1801 sua
1033 1757 1155 1802 conse·

202 1836 367 1912 cretione,
387 1836 551 1919 inspectis
568 1837 799 1900 sacrosanctis
817 1835 1021 1918 evangeliis
1033 1835 1154 1920 jurare

202 1941 374 2012 tenentur,
397 1936 577 1999 absolvere
603 1935 726 2011 noluit,
750 1942 785 1999 et
808 1934 1006 2017 imperator,
1029 1955 1048 1999 e
1072 1953 1155 1999 con·

202 2040 269 2107 tra,
287 2034 421 2116 imperii
436 2035 531 2118 jura,
554 2052 632 2117 quae
648 2033 724 2117 jam
745 2052 808 2116 pro
825 2041 924 2115 perte
945 2034 1098 2098 maxima
1117 2035 1153 2098 in

200 2149 306 2196 manu
339 2134 473 2216 potenti
502 2139 739 2208 revocaverat,
765 2133 907 2198 reddere
933 2134 1150 2215 contempsit,

199 2230 290 2294 idem
325 2251 419 2314 papa
455 2232 491 2295 in
526 2233 639 2314 ipsum
670 2232 912 2314 imperatorem
944 2234 1152 2297 sententiam

198 2331 566 2395 excommunicationis
596 2331 688 2407 tulit,
719 2339 825 2413 atque
858 2332 1051 2409 universos,
1079 2340 1150 2396 tam

200 2426 416 2493 Alemanniae
437 2448 542 2512 quam
563 2430 697 2511 imperii
720 2429 883 2507 Romani,
905 2438 1087 2511 magnates
1106 2432 1151 2495 ab

197 2527 274 2610 ejus
291 2527 456 2593 fidelitate
473 2529 634 2593 absolvit.

237 2699 279 2764 Ut
291 2721 346 2764 reo
359 2701 534 2787 Aopbmm
548 2702 584 2766 io
600 2699 791 2767 Hiberniam
807 2700 973 2767 moritum
987 2700 1123 2767 decerit.

248 2819 395 2889 Eodem¹
420 2845 512 2890 anno
539 2845 601 2889 rex
622 2824 816 2907 Anglorum
839 2825 1033 2903 Johannes‚
1056 2826 1149 2909 apud
1162 2843 1309 2935 wigma-

199 2923 356 2988 Penbroc
379 2925 414 2987 in
430 2923 561 2989 Wullia
581 2926 721 3007 copioso
745 2926 901 2989 exercitu
924 2933 1255 3007 congregatorem.

197 3023 373 3105 proiectus
396 3024 508 3087 estin
532 3022 737 3087 Hiberniam
760 3033 796 3089 et
819 3025 866 3087 ibi
892 3024 1061 3106 applicuit
1089 3045 1147 3088 oc·

196 3131 280 3187 tavo
307 3123 385 3185 idus
413 3121 536 3202 Junii;
569 3143 717 3205 cumque
739 3124 891 3188 venisset
924 3124 967 3186 ad
998 3124 1147 3187 Dublin·

196 3241 312 3285 ensem
331 3222 519 3296 civitatem,
534 3229 757 3286 occurrerunt
773 3223 805 3285 ei
819 3222 945 3285 ibidem
961 3223 1146 3306 plusquam

195 3320 320 3401 viginti
345 3320 456 3402 reguli
481 3320 574 3384 illius
600 3321 761 3402 regionis,
791 3322 850 3404 qui
879 3340 998 3386 omnes
1025 3323 1146 3387 timore

195 3420 348 3483 maximo
381 3419 553 3501 perterriti
584 3418 782 3500 homagium
815 3420 847 3484 ei
875 3427 910 3484 et
941 3421 1143 3485 fidelitatem

193 3518 375 3598 fecerunt;
407 3519 509 3601 pauci
527 3528 642 3583 tamen
658 3539 703 3583 ex
720 3519 849 3599 regulis
865 3518 1144 3601 supersederunt,

193 3618 254 3699 qui
275 3617 319 3681 ad
343 3637 458 3698 regem
481 3618 600 3682 venire
622 3624 914 3700 contempserunt,
936 3637 978 3680 eo
1002 3618 1094 3700 quod
1108 3618 1144 3681 in

193 3717 279 3798 locis
290 3715 617 3798 inexpugnabilibus
633 3716 848 3780 habitabant.
891 3716 989 3779 Fecit
1007 3735 1143 3798 quoque

192 3815 318 3879 ibidem
346 3817 557 3881 constituere
587 3817 682 3898 leges
715 3822 750 3878 et
781 3815 1046 3879 consuetudines
1071 3813 1143 3877 Au-

193 3914 362 3995 glicanas,
384 3935 515 3997 ponens
539 3915 758 3978 vicecomites
780 3914 935 3996 aliosque
956 3912 1143 3990 ministros,

190 4013 250 4095 qui
273 4014 437 4097 populum
463 4015 560 4096 regni
583 4014 677 4077 illius
693 4014 799 4096 juxta
816 4013 912 4094 leges
929 4011 1143 4093 Anglicauas

208 4187 330 4308 ⁷¹2Eo⁴lem
343 4183 428 4257 unm]
448 4189 572 4250 Compare
587 4188 681 4238 Auual.
693 4188 725 4236 de
741 4187 825 4249 Mag.
841 4189 891 4236 and
908 4187 1029 4249 Waverl„
1046 4203 1090 4248 pp.
1103 4191 1144 4249 14,

193 4265 203 4308 l
242 4293 250 4309 ·
