2970 5016
458 491 595 539 rnonns
618 491 888 540 fflsronraauu.
1081 478 1147 545 361

271 725 321 788 Do
335 724 531 789 innovatione
545 725 697 788 contentia
703 725 802 808 sootae
819 724 854 788 in
869 721 994 789 doronoa
1001 746 1065 810 pro

569 825 771 889 contumacia.

246 946 315 1010 Per
331 949 422 1012 idem
439 956 587 1031 tempus,
603 950 756 1013 instante
771 948 860 1012 festo
877 947 1051 1025 Pascbali,
1065 968 1143 1013 cum
1158 968 1296 1058 appossita&

195 1048 303 1110 abbas
324 1046 560 1112 Abbenduniae
588 1055 623 1111 et
645 1046 843 1131 conjudices
865 1048 940 1131 ejus
967 1057 1144 1112 contuma·
1157 1068 1253 1156 2¹³¹}⁰‘⁰¹

195 1146 283 1209 ciam
314 1148 479 1211 baronum
512 1156 548 1211 et
573 1147 802 1212 Londinensis
833 1148 986 1211 civitatis
1015 1167 1144 1230 cogno-
1157 1118 1287 1257 &3⁰3⁰

196 1246 339 1323 vissent,
362 1266 485 1310 manus
510 1266 592 1310 suas
623 1248 765 1328 gravius
794 1248 828 1309 in
859 1247 997 1311 eosdem
1024 1255 1146 1312 exten·
1234 1244 1240 1256 ’

195 1343 328 1421 dentes,
348 1346 474 1410 iterato
499 1346 624 1422 edicto,
650 1347 807 1410 omnibus
829 1333 969 1427 Angliae
991 1348 1146 1411 ecclesiis

196 1445 481 1509 conventualibus
509 1444 676 1509 dederunt
700 1446 735 1508 in
766 1444 950 1522 mandatis,
977 1453 1015 1510 ut
1039 1447 1145 1510 latam
1220 1516 1228 1532 ἡ

196 1545 401 1608 sententiam
421 1544 568 1608 subhac
592 1543 702 1608 forma
723 1544 960 1626 publicarent;
985 1545 1058 1609 Ἠ.
1078 1547 1145 1611 Dei

195 1643 309 1724 gratia
335 1644 443 1707 abbas
466 1642 765 1720 Abbendnnensis,
790 1652 826 1708 et
844 1652 980 1708 caetera.
1034 1646 1145 1709 Exse-

196 1751 340 1823 quentes
365 1743 565 1807 mandatum
590 1743 818 1826 apostolicum
846 1745 944 1808 nobis
964 1745 1014 1808 sic
1037 1746 1146 1828 impo-

195 1843 311 1919 situm,
345 1843 435 1906 sicut
469 1850 570 1906 tenor
607 1843 784 1906 literarum
818 1851 1026 1921 nostrarum,
1056 1864 1144 1926 quas

196 1960 305 2024 nuper
326 1943 424 2005 vobis
448 1942 712 2018 transmisimus
733 1943 832 2006 vobis
853 1942 988 2024 plenius
1008 1944 1145 2007 intima-

197 2041 259 2117 vit,
289 2043 402 2105 sancti
436 2040 540 2105 Pauli
571 2043 751 2124 sanctique
791 2042 936 2105 Martini
968 2043 1143 2125 capitulis,

197 2139 242 2203 G.
272 2141 314 2204 de
345 2141 521 2204 Boclande
550 2140 626 2224 ejus
652 2141 806 2206 ecclesiae
834 2141 977 2218 decano,
1004 2150 1039 2206 et
1062 2162 1144 2207 con·

196 2241 316 2303 ventui
354 2241 491 2304 Sanctae
528 2240 711 2304 Trinitatis
750 2240 992 2318 Londinensis‚
1026 2241 1144 2307 literas

195 2346 346 2415 nostras,
369 2340 496 2402 domini
524 2359 624 2422 papae
649 2341 808 2422 rescripti
835 2342 939 2405 verba
967 2342 1144 2406 continen-

131 2452 134 2458 ·
196 2446 261 2515 tes,
295 2458 361 2501 non
392 2439 502 2502 solnm
541 2438 648 2502 semel
679 2440 738 2502 sed
769 2459 862 2521 saepe
895 2439 1061 2518 misimus
1094 2443 1160 2520 eis,

196 2538 401 2602 auctoritate
432 2539 626 2621 apostolica
648 2538 803 2602 districte
833 2539 1081 2620 praecipientes
1105 2549 1144 2604 nt

196 2639 561 2703 excommunicationis
583 2647 619 2703 et
636 2637 809 2702 interdicti
838 2639 1027 2701 sententias
1053 2638 1145 2703 latas

195 2736 230 2799 in
263 2746 508 2820 persequentes
541 2737 714 2801 dominum
750 2757 865 2818 regem
898 2744 934 2800 et
967 2738 1144 2801 civitatem

197 2835 454 2900 Londoniarnm
491 2837 675 2918 diligenter
712 2836 927 2919 publicantes
963 2836 1144 2900 inviolabi-

196 2935 274 2999 liter
295 2938 542 3017 observarent3
567 2937 627 3019 qni
647 2936 734 3000 adeo
754 2937 981 3000 irreverenter
1004 2946 1144 3018 aposto·

196 3034 297 3098 licum
319 3037 530 3119 vilipendere
550 3037 749 3100 mandatum
775 3037 1035 3119 [praesumunt],
1052 3038 1144 3119 quod

195 3134 332 3198 easdem
351 3137 540 3200 sententias
562 3136 739 3219 publicare
760 3137 815 3199 vel
838 3137 942 3200 etiam
961 3139 1145 3201 observare

195 3253 257 3316 per
282 3237 533 3300 contumaciam
557 3243 847 3317 contempserunt,
870 3236 905 3297 in
933 3235 1058 3299 divinis
1083 3238 1144 3299 ob-

194 3336 323 3416 sequiis
345 3336 653 3400 excommunicatis
675 3336 823 3399 scienter
839 3336 1144 3412 communicantes,

194 3435 443 3498 sententiarum
474 3435 602 3499 domini
629 3455 729 3518 papae
760 3435 946 3499 violatores
983 3441 1019 3496 et
1049 3453 1145 3497 man-

194 3533 267 3597 dati
301 3534 377 3617 ejus
410 3543 664 3618 contemptores
699 3533 901 3598 manifestos
935 3534 1075 3597 omnino
1106 3553 1144 3598 se

194 3633 229 3694 in
254 3634 413 3697 omnibus
436 3634 651 3711 exbibend03
675 3634 718 3697 de
747 3633 872 3715 quibus
899 3652 960 3715 per
985 3640 1143 3714 patentes

192 3732 311 3796 literas
340 3734 483 3815 capituli
512 3734 625 3798 sancti
649 3732 751 3796 Pauli
777 3733 957 3814 sanctique
986 3732 1143 3810 Martini,

194 3833 287 3915 [per]
302 3833 445 3896 clericos
457 3843 492 3897 et
505 3834 643 3897 nuntios
655 3831 808 3916 ejusdam
820 3830 941 3895 decani
954 3833 1052 3895 nobis
1064 3851 1142 3913 spe·

193 3932 328 3996 cialiter
349 3933 554 4009 destinatas
582 3940 616 3995 et
644 3952 705 4013 per
727 3931 813 3993 alias
836 3930 1043 3994 sufficientes
1063 3952 1141 4012 pro-

192 4032 362 4107 bationes
386 4033 523 4113 plenam
552 4033 717 4094 babemus
740 4030 979 4094 certitudinem
1002 4038 1037 4093 et
1060 4050 1141 4093 con·

192 4139 354 4195 stantem.
402 4132 577 4195 Praeterea
590 4130 632 4194 dc
651 4150 756 4211 regno
775 4130 985 4193 Francorum
1003 4130 1142 4213 quidam

192 4232 323 4295 nobiles
354 4232 568 4296 advenerunt
591 4250 668 4293 cum
701 4238 834 4294 armata
867 4247 969 4293 manu
997 4230 1141 4295 militum
