2970 5016
183 650 239 690 ab.
251 650 308 738 ldlssd.

344 462 410 525 102
597 476 731 523 noonnr
757 476 804 522 nn
828 472 1034 521 wannovnn

347 641 401 697 tro
419 651 514 696 aram
529 633 640 714 ipsam
657 631 810 696 invenies
826 650 975 707 erucem,
998 648 1077 712 quae
1099 629 1135 691 in
1157 628 1213 691 die
1230 628 1299 692 Pa·

184 701 508 797 mokorrasceues
525 749 546 793 a
562 738 734 795 convento
750 730 888 794 adorari
906 729 1008 805 solet,
1030 727 1122 810 quia,
1145 728 1211 790 nisi
1232 727 1297 791 hoc

185 799 300 842 trabam.

347 832 448 895 modo
464 831 598 906 feceris,
620 849 642 903 a
660 838 694 893 te
716 829 772 893 die
794 828 946 892 crastino
964 821 1028 890 ¹nil
1046 827 1175 909 poterit
1190 826 1299 889 adim-

348 931 458 1013 pleri;
490 928 631 1011 grandis
659 929 750 991 enim
783 928 846 992 tibi
870 933 979 991 restat
1002 926 1072 1001 via,
1095 944 1300 1008 crucemque

348 1031 459 1112 ipsam
491 1030 527 1092 in
555 1028 755 1091 memoriam
788 1026 979 1090 Salvatoris
1010 1024 1159 1088 adorans
1185 1023 1299 1087 cordis

349 1129 489 1193 contriti
520 1135 557 1191 et
581 1125 753 1189 humiliati
783 1123 989 1188 sacrificium
1022 1122 1117 1200 offer,
1148 1123 1299 1186 sciturus

349 1227 538 1293 certissime
555 1232 735 1307 acceptum
752 1224 903 1287 Domino
924 1224 995 1286 fore
1018 1230 1088 1286 tuae
1105 1222 1300 1285 devotionis

349 1325 601 1401 holocaustum,
624 1324 722 1407 cujus
749 1322 873 1387 ibidem
889 1321 1099 1404 pinguedine
1115 1320 1299 1384 donaberis

349 1422 551 1488 affluenter.'
602 1423 672 1500 Sic,
703 1423 859 1487 discusso
886 1440 1023 1503 sopore,
1057 1420 1233 1501 evigilavi,
1263 1427 1299 1485 et

350 1542 428 1586 cnm
451 1522 627 1599 fratribus,
650 1530 690 1585 nt
711 1522 794 1586 mihi
811 1520 1004 1596 videbatur,
1027 1520 1216 1583 matutinas
1239 1538 1301 1582 an-

350 1620 485 1685 ditnrus
507 1622 644 1704 perrexi
660 1641 669 1700 ;
699 1622 824 1703 quibus
841 1639 863 1683 a
878 1627 1052 1683 conventu
1073 1618 1232 1696 initiatis,
1247 1637 1299 1681 se·

351 1721 480 1783 niorem
504 1719 676 1803 quendam
700 1719 855 1782 vestibus
877 1719 965 1781 albis
987 1718 1145 1781 indutum
1166 1718 1202 1779 in
1220 1736 1299 1782 ves·

351 1819 460 1882 tibulo
484 1818 639 1882 ecclesiae
663 1807 802 1881 obvium
826 1816 942 1893 habui,
968 1818 1028 1900 qui
1052 1836 1142 1880 unus
1156 1835 1209 1899 ¹en
1229 1816 1299 1879 illis

351 1925 426 1981 erat
453 1936 476 1981 a
502 1937 571 1999 quo
593 1925 694 1981 nocte
717 1915 926 1999 praecedenti
948 1915 1147 1997 disciplinas
1169 1917 1300 1997 accepi,

351 2036 453 2098 quem
483 2023 570 2079 nutu
598 2016 701 2079 solito
729 2016 771 2079 ad
798 2014 946 2079 dandam
971 2015 1054 2079 mihi
1082 2013 1300 2096 disciplinam

351 2115 504 2179 invitans
535 2113 725 2195 capitulum
752 2114 975 2195 ingredimur,
1001 2121 1036 2178 et
1058 2113 1132 2177 voti
1160 2133 1302 2195 compos

352 2212 493 2275 effectus
520 2213 564 2276 ad
590 2212 778 2276 oratorium
802 2213 963 2276 redimus.
1016 2212 1116 2276 Tunc
1138 2212 1232 2275 solus
1256 2212 1301 2275 ad

353 2311 463 2374 altare
480 2311 563 2373 mibi
589 2311 777 2374 insomnis
803 2320 963 2376 vocatum
984 2311 1206 2393 progrediens
1231 2310 1300 2375 cal-

353 2418 531 2474 ceamenta
562 2411 717 2491 deposui,
754 2412 967 2493 genibusque
999 2410 1035 2473 in
1067 2411 1303 2492 pavimentum

354 2508 455 2572 flexis
473 2509 516 2572 ad
541 2509 654 2573 locum
672 2510 778 2585 tendi,
794 2510 852 2572 ubi
868 2510 1109 2574 inveniendam
1124 2509 1300 2573 audieram

353 2627 488 2671 crucem
507 2607 710 2672 Salvatoris.
764 2608 887 2671 Inveni
904 2628 992 2685 eam,
1006 2608 1097 2672 sicut
1112 2608 1194 2671 mihi
1214 2627 1305 2690 prae-

354 2706 481 2770 dictum
508 2707 632 2783 fuerat,
657 2714 693 2769 et
715 2726 796 2769 mox
821 2713 916 2770 totns
938 2709 973 2769 in
997 2707 1191 2789 lachrymas
1208 2727 1304 2770 reso-

354 2805 449 2868 lutus
484 2825 694 2887 corporeque
721 2812 795 2868 toto
818 2806 854 2867 in
879 2814 1004 2869 terram
1030 2813 1225 2887 prostratus
1250 2806 1302 2888 ip-

354 2922 428 2967 sam
458 2905 679 2969 devotissime
711 2903 878 2982 adoravi;
918 2906 1031 2968 denno
1064 2905 1209 2984 genibus
1241 2906 1304 2967 im-

354 3003 483 3084 pressis
499 3002 543 3065 ad
563 3003 694 3066 vultum
709 3002 882 3082 imaginis,
901 3023 1028 3085 oreque
1046 3011 1081 3066 et
1101 3004 1209 3067 oculis
1226 3023 1303 3068 eam

354 3100 570 3175 deosculare,
592 3101 629 3163 in
648 3100 795 3163 frontem
818 3101 900 3164 mihi
924 3104 1035 3166 sentio
1057 3109 1177 3182 guttas
1200 3123 1304 3185 qnas-

353 3198 433 3260 dam
452 3197 606 3262 suaviter
627 3198 827 3276 instillasse,
851 3208 886 3264 et
906 3200 1033 3283 digitos
1056 3201 1243 3265 admovens
1259 3223 1303 3266 ex

355 3297 478 3359 rubore
494 3297 697 3378 sangninem
716 3297 945 3380 deprebendi;
975 3300 1046 3364 vidi
1068 3308 1237 3382 praeterea
1259 3321 1304 3365 ex

355 3396 463 3459 latere
494 3396 651 3461 crucifixi
677 3398 728 3461 ita
753 3417 910 3461 cruorem
938 3418 1110 3475 emanare,
1142 3407 1182 3463 ut
1215 3400 1303 3464 solet

354 3495 427 3558 vivi
451 3495 598 3559 hominis
621 3514 710 3559 vena
732 3496 967 3577 phlebotomia
988 3499 1108 3561 incisa.
1161 3487 1305 3582 suscepi

355 3601 469 3657 autem
491 3614 595 3658 mano
610 3615 687 3659 mea
706 3603 791 3676 quot
807 3597 923 3659 nescio
946 3604 1066 3679 guttas
1083 3595 1305 3675 distillantes,

353 3700 388 3756 et
414 3693 538 3756 exinde
559 3693 690 3770 oculos,
718 3714 819 3757 aures
846 3701 882 3756 et
906 3714 1006 3759 nares
1032 3695 1155 3759 devote
1184 3696 1303 3776 linivi;

353 3800 540 3872 postremo,
558 3812 602 3856 an
620 3794 654 3855 in
674 3793 737 3856 boc
762 3796 976 3875 peccaverim
999 3795 1177 3876 ignorans,
1200 3816 1304 3860 unam

345 3890 509 3971 ejusdem
527 3892 707 3972 sanguinis
730 3899 865 3972 guttam
886 3912 930 3956 ex
952 3894 1057 3957 nimio
1080 3894 1193 3957 cordis
1214 3895 1306 3958 de'si-

351 3988 446 4053 derio
468 3990 648 4071 deglutiri,
672 3991 840 4072 reliquum
863 4011 958 4069 vero,
980 3993 1070 4074 quod
1098 3993 1230 4075 pugillo
1251 4013 1305 4057 re-

353 4105 524 4170 ceperam,
533 4109 672 4153 servare
688 4090 851 4154 decrevi.'

672 4237 680 4269 ¹
691 4233 759 4305 Na]
777 4241 784 4266 ‘
798 4230 871 4287 Non'
881 4240 907 4286 in
919 4239 977 4289 MS.
