2970 5016
340 439 405 502 120
598 450 732 499 noonni
756 451 803 498 nu
826 449 1033 498 wunnovns

179 627 235 668 an.
246 625 304 669 nu.
342 625 447 689 scopo
464 615 500 670 et
521 608 675 688 capitulo
692 606 980 687 Rothomagensi‚
997 604 1150 668 debitum
1167 604 1299 668 haben-

342 706 435 769 tibus
451 705 495 768 ad
510 714 629 769 nostra
642 714 678 770 et
695 706 869 788 praedictae
893 711 996 767 terrae
1018 711 1147 768 nostrae
1169 703 1299 767 damna

342 811 550 886 respectum,
572 803 666 867 faeta
691 811 744 866 est
768 803 978 886 permutatio
1000 803 1091 865 iuter
1113 802 1295 865 ecclesiam

345 901 661 983 Rothomagensem
677 909 712 965 et
730 901 1025 983 archiepiscopum
1037 899 1234 964 Walterum
1251 920 1297 964 ex

345 1018 416 1063 una
430 1007 540 1081 parte,
552 1008 587 1063 et
603 1018 666 1063 nos
682 1020 725 1062 ex
742 1000 862 1076 altera,
878 998 921 1063 de
936 999 1091 1062 manerio
1108 997 1152 1062 de
1165 998 1296 1063 Audeli

345 1099 382 1160 iu
402 1097 467 1160 hac
489 1097 621 1177 forma3
644 1098 748 1179 quod,
763 1097 935 1173 videlicet,
951 1097 1042 1159 idem
1064 1096 1296 1178 archiepisco-

217 1184 222 1195 '
346 1215 411 1278 pus
425 1196 468 1258 de
481 1197 689 1260 conscientia
706 1203 741 1259 et
756 1195 935 1260 voluntate
952 1194 1081 1258 domiui
1098 1213 1199 1277 papie
1217 1195 1297 1258 Cae·

346 1293 462 1356 lestini
475 1294 579 1370 tertii,
598 1293 690 1357 etde
706 1313 850 1357 assensu
869 1292 1014 1376 capituli
1031 1292 1295 1374 Rothomagen-

346 1392 395 1454 sis
415 1392 581 1469 ecelesiae,
602 1392 772 1456 concessit
792 1401 827 1455 et
848 1393 884 1454 in
911 1398 1115 1474 perpetuum
1138 1391 1294 1473 quietum

346 1489 510 1554 clamavit
536 1491 636 1554 nobis
665 1498 700 1554 et
720 1489 911 1553 haeredibus
938 1490 1067 1553 nostris
1091 1490 1294 1570 praedictum

347 1590 537 1651 manerium
552 1589 595 1651 de
605 1585 744 1665 Andeli,
761 1607 838 1651 cum
865 1587 1114 1651 novocastello
1130 1588 1172 1650 de
1190 1588 1294 1671 Rupe

347 1693 382 1748 et
404 1707 482 1750 cum
498 1687 638 1763 foresta,
653 1696 689 1750 et
704 1706 781 1749 cum
800 1687 958 1749 omnibus
980 1686 1058 1749 aliis
1079 1686 1296 1767 pertinentiis

347 1792 382 1849 et
397 1786 613 1849 libertatibus
629 1786 714 1861 suis,
736 1785 891 1867 exeeptis
913 1784 1066 1847 ecclesiis
1086 1791 1121 1859 et
1139 1785 1294 1865 praeben-

347 1882 402 1947 dis
415 1884 576 1960 militum,
589 1891 625 1946 et
641 1890 789 1966 excepto
805 1883 957 1946 manerio
972 1883 1014 1945 de
1033 1882 1197 1945 Fraxiuis
1214 1902 1292 1946 cum

347 1982 563 2063 pertinentiis
591 1982 676 2058 suis,
700 2001 778 2064 quae
802 1982 918 2045 omnia
946 1980 1037 2044 idem
1065 1980 1293 2064 archiepisco-

347 2099 413 2160 pus
433 2080 587 2143 ecclesiae
608 2079 880 2160 Rothomagensi
902 2086 937 2142 et
962 2078 1028 2142 sibi
1054 2086 1090 2143 et
1117 2080 1190 2142 suis
1215 2098 1294 2142 suc-

349 2178 542 2240 cessoribus
560 2178 702 2242 retinuit
727 2197 804 2241 cum
832 2178 990 2241 omnibus
1014 2176 1231 2241 libertatibus
1258 2186 1294 2243 et

349 2274 466 2338 liboris
496 2275 803 2340 consuetudinibus
829 2276 901 2340 suis
925 2283 960 2339 at
983 2294 1062 2338 cum
1085 2275 1178 2339 omni
1203 2277 1293 2340 inte·

349 2373 476 2452 gritate
492 2375 605 2437 suain
621 2383 836 2457 perpetuum.
889 2373 933 2436 ln
949 2375 1157 2437 escambium
1177 2382 1294 2438 autem

347 2472 490 2535 manerii
505 2473 661 2554 praedicti
675 2472 718 2536 de
728 2471 856 2537 Andeli
874 2491 951 2535 cum
968 2472 1196 2554 pertinentiis,
1211 2492 1294 2536 con-

346 2570 512 2633 cessimus
526 2577 562 2635 et
577 2572 612 2634 in
627 2579 830 2654 perpetuum
852 2570 969 2652 quieta
991 2570 1215 2634 clamavimus
1238 2590 1294 2634 ec·

347 2668 462 2732 clesiae
481 2669 769 2751 Rothomagensi,
791 2676 827 2732 et
848 2668 1015 2750 praedicto
1036 2668 1294 2752 archiepiscopo

348 2773 384 2828 et
399 2769 653 2831 successoribus
668 2770 752 2844 suis,
776 2768 890 2830 omnia
912 2766 1120 2843 molendina,
1135 2786 1213 2851 quae
1228 2788 1293 2832 nos

348 2863 531 2928 habuimus
554 2865 645 2946 apud
661 2865 920 2946 Rothomagum
942 2865 1081 2947 quando
1103 2864 1177 2928 haec
1199 2886 1294 2930 com·

348 2964 496 3026 mutatio
523 2962 616 3025 facta
634 2970 698 3038 est,
723 2964 857 3043 integre
878 2982 957 3026 eum
980 2964 1071 3028 omni
1095 2965 1237 3046 sequela
1259 2973 1294 3029 et

347 3061 511 3123 molitura
524 3079 600 3136 sua,
611 3059 685 3122 sine
699 3059 816 3141 aliquo
833 3062 1050 3141 retinimento
1067 3081 1198 3141 eorum,
1215 3083 1293 3146 quae

346 3157 391 3219 ad
416 3157 648 3220 molendinum
678 3159 852 3240 pertinent
878 3159 933 3222 vel
956 3159 1000 3221 ad
1028 3160 1236 3238 molituram,
1258 3170 1294 3225 et

347 3273 424 3317 cum
448 3256 605 3318 omnibus
633 3256 850 3321 libertatibus
874 3265 909 3320 et
933 3257 1049 3321 liberis
1073 3260 1293 3322 consuetudi·

347 3354 448 3416 nibus
471 3373 558 3435 quas
581 3355 692 3419 solent
713 3363 748 3419 et
770 3356 895 3419 debent
922 3354 1070 3435 hahere3
1102 3376 1165 3419 nec
1189 3359 1293 3421 alicui

346 3451 463 3515 licebit
477 3453 601 3516 ibidem
618 3455 851 3517 molendinum
865 3454 977 3517 facere
993 3454 1036 3517 ad
1050 3454 1291 3519 detrimentum

345 3550 615 3615 molendinorum
631 3552 884 3632 praedictorum.
916 3552 1157 3615 Concessimus
1173 3554 1223 3616 eis
1240 3555 1293 3617 in·

345 3667 449 3729 super
468 3649 585 3712 villam
604 3651 646 3712 de
668 3649 779 3731 Diepe
795 3658 830 3713 et
847 3650 964 3713 villam
981 3650 1023 3713 de
1041 3651 1196 3713 Buteiles
1213 3671 1290 3715 curn

343 3748 502 3810 omnibus
518 3747 733 3829 pertinentiis
751 3755 787 3810 et
804 3748 1034 3824 libertatibus,
1047 3768 1123 3812 cum
1136 3751 1289 3814 manerio

344 3843 387 3907 de
410 3844 541 3908 Loures
571 3852 605 3908 et
630 3844 758 3907 foresto
785 3845 827 3908 de
852 3845 1086 3922 Haliermunt,
1109 3865 1187 3909 cum
1210 3848 1292 3911 seris

344 3951 380 4006 et
396 3943 554 4005 omnibus
572 3942 649 4005 aliis
672 3944 887 4025 pertinentiis
909 3952 944 4007 ct
966 3945 1183 4008 libertatibus
1206 3947 1291 4010 suis.

339 4039 434 4106 Haec
456 4048 571 4104 autem
594 4041 710 4104 omnia
726 4042 762 4105 in
779 4043 988 4106 escambium
1005 4043 1181 4108 habebunt
1202 4065 1291 4125 prae-

343 4137 426 4202 dicti
448 4139 591 4203 mauerii
614 4138 657 4202 de
678 4140 805 4206 Andeli
827 4141 974 4206 ecclesia
997 4141 1293 4228 Rothomagensis
