2970 5016
434 432 499 496 19‘2
683 448 816 496 nonum
847 448 893 494 nn
916 446 1124 495 wunnovnn

272 618 395 717 pem
434 605 572 688 pedum,
605 605 758 669 basilicae
789 623 811 666 a
844 604 986 683 fastigio
1018 622 1080 684 per
1107 611 1178 667 tres
1208 602 1387 667 columnas

271 718 373 758 Tumulu-
434 704 641 788 dependenti
663 704 880 787 conjunctus.
935 702 978 764 In
1000 702 1113 766 medio
1134 700 1289 766 basilicae
1311 710 1387 765 erat

434 806 533 887 quasi
551 806 673 885 ingens
690 802 862 886 quoddam
876 802 1129 883 baptisterium,
1143 801 1186 865 de
1203 820 1274 883 quo
1288 820 1386 864 max·

433 905 504 968 ima
529 904 681 979 flamma,
708 921 778 965 non
807 902 1024 977 comburens,
1047 900 1107 964 sed
1136 908 1246 965 totam
1270 900 1385 964 basili-

434 1023 511 1067 cam
527 1010 563 1066 et
583 1003 660 1066 loca
677 1001 791 1065 vicina
806 1019 867 1082 por
883 1001 1062 1064 circuitum
1082 999 1286 1063 mirabiliter
1300 1018 1386 1080 qua·

435 1104 465 1167 si
497 1101 660 1185 splendor
691 1100 899 1164 meridianus
933 1099 1166 1163 indesinenter
1195 1098 1384 1172 illustrans

435 1202 687 1283 consurgebat3
716 1199 771 1262 hic
789 1206 905 1262 autem
919 1197 1082 1280 splendor
1097 1197 1140 1261 de
1155 1197 1386 1261 decimatione

430 1301 605 1385 justornm
620 1299 857 1382 proveniebat,
872 1298 963 1360 sicut
978 1316 1000 1360 a
1021 1304 1142 1361 sancto
1165 1296 1308 1361 edoctus
1332 1304 1385 1360 est

436 1399 459 1463 J
463 1401 593 1464 uliano.
648 1398 864 1462 Intrantibus
881 1405 995 1461 autem
1012 1396 1080 1459 illis
1095 1397 1274 1460 basilicam
1286 1414 1385 1459 sanc·

437 1509 494 1563 tus
509 1499 533 1563 J
536 1500 664 1562 acobus
686 1498 786 1578 quasi
809 1496 974 1559 insulatus
997 1497 1159 1572 occurrit,
1181 1494 1241 1577 qni
1265 1495 1385 1559 videns

436 1599 656 1681 peregrinum
692 1617 805 1672 suum,
829 1615 892 1677 pro
917 1614 986 1676 quo
1014 1595 1167 1671 miserat,
1189 1595 1239 1659 ait
1264 1601 1386 1657 sancto

436 1697 460 1761 J
464 1698 581 1761 uliano
604 1705 639 1760 et
656 1704 778 1759 sancto
800 1689 991 1770 ¹Domnno,
1017 1695 1077 1775 qui
1103 1694 1264 1758 custodes
1293 1693 1386 1756 illius

437 1797 504 1860 loci
539 1803 649 1872 erant,
681 1804 720 1858 ut
743 1795 965 1860 ostenderent
996 1794 1178 1875 peregrino
1208 1811 1273 1856 suo
1310 1792 1386 1855 loca
1477 1781 1480 1785 ’

438 1897 590 1978 poenalia
605 1895 772 1958 malorum
795 1893 898 1957 simul
920 1900 955 1956 et
973 1894 1169 1956 mansiones
1186 1892 1362 1976 justorum
1378 1912 1386 1968 3

437 1994 542 2059 ethis
562 1995 664 2058 dictis
686 1993 898 2076 pertransiit.
950 1991 1051 2056 Tunc
1068 1999 1210 2055 sanctus
1223 1990 1387 2055 Julianus

437 2094 610 2157 intimavit
625 2093 749 2156 educto
773 2091 836 2168 illi,
860 2091 949 2155 banc
972 2090 1151 2155 basilicam
1173 2110 1249 2155 esse
1274 2090 1387 2153 locum

437 2192 590 2255 omnium
617 2192 808 2255 animarum
832 2210 855 2254 a
876 2209 1021 2272 corpore
1042 2210 1152 2273 nuper
1174 2191 1388 2265 exeuntium,

437 2297 477 2354 nt
504 2290 551 2353 ibi
581 2290 771 2353 sortiantur
800 2289 996 2353 mansiones
1026 2297 1061 2354 et
1091 2290 1169 2353 loca
1198 2289 1387 2352 secundnm
1427 2340 1431 2353 ,

438 2389 562 2453 merita
589 2408 653 2452 sua
683 2389 749 2452 sibi
781 2388 948 2453 divinitus
975 2389 1161 2466 destinata,
1193 2395 1264 2452 tam
1293 2387 1387 2451 dam-

438 2488 562 2552 nandae
594 2508 697 2570 quam
728 2508 790 2570 per
819 2488 1011 2570 purgatorii
1039 2507 1160 2570 poenas
1187 2487 1386 2565 salvandae3

437 2587 535 2652 locus
557 2590 648 2651 onim
671 2589 736 2652 iste
760 2606 820 2669 per
842 2588 1120 2651 intercessionem
1139 2587 1300 2667 gloriosae
1317 2588 1387 2651 vir·

438 2688 528 2768 ginis
552 2687 675 2751 Mariae
699 2705 720 2749 a
744 2686 894 2749 Domino
916 2686 1098 2750 Salvatorc
1122 2684 1388 2750 misericorditer

439 2794 492 2850 est
509 2787 730 2861 constitutus,
747 2793 786 2848 ut
800 2785 925 2848 ibidem
944 2804 1062 2848 omnes
1080 2785 1204 2848 animae
1218 2784 1254 2846 in
1271 2783 1387 2848 Chris·

439 2893 476 2949 to
493 2893 633 2962 renatae,
648 2905 730 2948 mox
747 2891 784 2947 ut
802 2903 824 2947 a
839 2904 981 2966 corpore
996 2885 1156 2961 exierint,
1171 2884 1302 2966 absque
1317 2884 1389 2948 ulla

439 2982 632 3048 daemonnm
655 2984 835 3047 invasione
857 2984 1067 3047 conveniant
1089 2990 1123 3047 et
1143 2982 1312 3067 judicium
1333 3003 1387 3046 se·

438 3081 587 3145 cundum
605 3102 711 3164 opera
726 3102 790 3146 sua
804 3083 981 3163 recipiant.
1036 3082 1077 3145 In
1102 3082 1166 3146 hac
1186 3102 1270 3163 ergo
1292 3083 1384 3145 basi·

438 3181 507 3244 lica
521 3189 651 3244 sanctae
667 3181 804 3257 Mariae,
820 3201 898 3264 quae
913 3181 1166 3263 ‘congregatio
1186 3180 1388 3244 animarum’

438 3279 576 3356 dicitur,
602 3281 729 3344 multas
757 3280 828 3344 vidi
852 3282 986 3344 animas
1009 3281 1184 3365 justornm
1217 3300 1263 3343 ex
1295 3280 1388 3344 omni

438 3387 537 3462 parte
565 3380 729 3443 candidas
756 3380 944 3462 vultusque
976 3382 1076 3463 quasi
1117 3380 1387 3444 adolescentium

437 3478 616 3544 habentes.
680 3479 791 3542 Extra
820 3498 954 3542 murum
981 3480 1218 3562 aquilonarem
1242 3479 1388 3543 eductus

437 3579 603 3661 conspexi
619 3579 751 3641 animas
765 3579 942 3660 plurimas,
956 3579 1211 3643 murovicinius
1220 3586 1389 3654 astantes,

437 3678 582 3741 maculis
601 3677 689 3740 albis
715 3685 750 3741 et
772 3678 880 3759 nigris
906 3696 1093 3759 respersas,
1117 3676 1264 3760 quarum
1292 3697 1388 3760 qum-

437 3776 516 3840 dam
543 3777 622 3858 plus
645 3776 805 3839 candoris
824 3795 927 3858 qnam
954 3776 1156 3858 nigredinis,
1183 3776 1344 3858 quaedam
1370 3796 1389 3839 e

437 3876 624 3951 contrario,
646 3874 902 3938 similitudinem
933 3875 1183 3957 praeierelnant3
1219 3875 1289 3940 illae
1308 3896 1389 3940 vero

437 3994 516 4055 quae
549 3972 763 4038 candidiores
796 3982 896 4038 erant
926 3995 1025 4038 muro
1059 3974 1205 4038 vicinius
1234 3974 1389 4038 adhaere·

659 4183 811 4257 ¹Domnno.]
831 4191 957 4253 Probably
971 4192 1009 4241 sor
1019 4188 1179 4242 ‘Duronium'
