2970 5016
452 488 591 537 enonas
616 490 884 539 arsronrnnuu.
1078 478 1143 542 301

192 645 450 728 Veteri-ponte,
469 646 595 710 Petrus
619 646 892 723 lilius-Huberti,
909 646 1077 712 Berienus
1099 648 1142 713 de
1156 661 1211 704 As>-
1223 664 1279 703 ¹²1⁵·

192 745 326 821 Insula,
355 743 401 810 G.
429 745 471 808 de
504 745 603 822 Luci,
635 744 680 809 G.
709 745 752 808 de
784 746 964 823 Furnival,
988 746 1141 812 Thomas

192 846 332 922 Basset,
367 844 541 908 Henricus
582 845 624 908 de
665 845 844 921 Braibroc,
884 844 1063 911 lohannes
1099 848 1142 911 de

191 945 485 1025 Bassingeburne,
505 944 704 1008 Willelmus
722 943 764 1007 de
781 944 943 1021 Cantelu,
967 945 1142 1010 Henricus

191 1044 233 1107 de
250 1043 450 1119 Cornhulle,
467 1042 649 1107 lohannes
669 1042 954 1125 filius-Hugonis,
971 1044 1079 1126 Hugo
1099 1046 1143 1110 do

193 1142 346 1218 Nevilla,
374 1141 558 1224 Philippus
585 1143 628 1205 de
654 1140 835 1219 Albeneio,
856 1142 1035 1207 Johannes
1062 1145 1141 1208 Ma·

191 1241 393 1317 reschallus,
413 1241 608 1305 Willelmus
630 1241 825 1318 Briwerre3
854 1243 889 1306 hi
911 1263 1042 1320 omnes,
1063 1264 1141 1307 cum

191 1341 392 1404 mandatum
425 1342 592 1406 baronum
624 1343 847 1423 accepissent,
876 1343 1030 1406 maxima
1059 1363 1141 1425 pars

191 1459 309 1503 eorum
327 1439 525 1503 Londonias
540 1439 686 1522 profecti
704 1438 931 1504 consoederati
948 1450 1030 1505 sunt
1044 1463 1142 1524 mag·

190 1540 329 1602 natibus
354 1539 576 1621 supradictis,
598 1558 714 1621 regem
739 1540 875 1621 penitus
896 1541 1141 1623 relinquentes.

191 1638 426 1702 Cessaverunt
444 1638 573 1721 placita
595 1639 759 1702 scaccarii
782 1647 818 1702 et
839 1640 1140 1705 vicecomitatuum

190 1757 254 1819 per
275 1737 451 1819 Angliam,
474 1739 557 1819 quia
581 1738 697 1802 nullus
718 1739 880 1818 inventus
903 1747 969 1817 est,
988 1741 1048 1822 qui
1067 1742 1140 1822 regi

191 1855 329 1901 censum
352 1837 450 1901 daret
473 1838 527 1901 vel
546 1838 582 1901 in
606 1837 723 1920 aliquo
741 1839 905 1902 obediret.

363 2013 412 2075 De
427 2010 574 2097 colloquio
589 2011 782 2097 interrepere
794 2020 822 2076 at
836 2008 971 2076 1000000.

243 2135 323 2199 Rex
348 2141 464 2199 autem
489 2134 512 2199 J
515 2135 681 2213 ohannes,
701 2155 779 2200 cum
806 2156 844 2201 se
868 2136 938 2200 fere
964 2136 1008 2199 ab
1032 2136 1306 2239 00101-ξὲζιιὲιιιιιοεῶῑ·ιι

191 2236 256 2297 bus
273 2244 428 2298 cerneret
444 2234 657 2312 derelictum,
672 2235 723 2300 ita
739 2235 831 2320 qnod
848 2237 909 2299 vix
925 2235 992 2299 sibi
1009 2244 1142 2318 septem
1155 2247 1303 2297 amamus

191 2335 324 2416 equites
341 2354 386 2397 ex
403 2336 496 2397 omni
512 2335 751 2416 superfluitate
768 2336 865 2417 regia
881 2335 1142 2417 superfuissent,

192 2434 308 2497 timuit
328 2432 430 2497 valde
458 2454 501 2497 ne
528 2435 674 2498 barones
696 2436 732 2497 in
755 2442 869 2498 castra
888 2453 952 2497 sua
975 2436 1141 2516 impetum

192 2531 357 2596 facientes
388 2532 449 2595 illa
479 2533 553 2596 sine
581 2533 784 2597 difficultate
808 2534 874 2597 sibi
901 2534 1141 2616 subjugarent,

191 2650 269 2694 cum
298 2630 471 2712 praecipue
501 2632 633 2696 nullum
669 2631 887 2696 obstaculum
920 2632 1140 2711 invenirent;

192 2730 368 2795 simulavit
386 2739 502 2794 autem
521 2732 557 2794 in
576 2732 656 2795 dolo
673 2750 793 2813 pacem
812 2731 856 2794 ad
875 2739 1011 2812 tempus
1028 2730 1141 2795 facere

191 2848 269 2892 cum
290 2830 511 2911 magnatibus
536 2851 629 2913 saepe
650 2831 765 2907 dictis,
783 2830 992 2911 mittensque
1014 2829 1058 2892 ad
1081 2849 1141 2894 eos

192 2928 405 2993 Willelmum
426 2929 707 3007 Mareschallum,
726 2930 886 2994 comitem
908 2929 951 2993 de
971 2929 1140 3008 Penbroc,

193 3048 270 3091 cum
288 3028 365 3091 aliis
380 3030 511 3093 nuntiis
529 3030 595 3094 fide
610 3030 736 3112 dignis,
760 3029 940 3093 mandavit
956 3028 1059 3111 quod,
1077 3049 1140 3111 pro

193 3128 283 3192 bono
304 3128 400 3209 pacis
424 3129 520 3192 etad
547 3129 796 3194 exaltationem
824 3129 922 3210 regni
945 3131 999 3193 sui
1022 3138 1059 3193 et
1078 3129 1140 3193 ho·

193 3247 323 3303 norem,
350 3235 529 3308 gratanter
554 3230 604 3291 eis
630 3228 833 3292 concederet
855 3227 951 3310 leges
977 3236 1011 3293 et
1036 3230 1139 3294 liber-

192 3333 283 3390 tates
314 3345 402 3407 quas
438 3329 625 3409 petebant3
664 3327 842 3391 mandavit
871 3329 976 3391 etiam
1013 3328 1140 3392 eisdem

192 3426 414 3506 magnatibus
446 3446 508 3509 per
534 3427 675 3492 nuntios
704 3427 902 3509 praedictos,
928 3434 967 3490 ut
990 3427 1079 3490 diem
1106 3436 1141 3491 et

192 3524 304 3588 locum
325 3526 545 3606 providerent
563 3546 765 3608 congruum,
783 3527 842 3589 ubi
861 3525 1044 3589 convenire
1059 3546 1140 3608 pos·

192 3633 282 3698 sent,
306 3625 349 3686 ad
373 3624 585 3689 haecomnia
610 3625 861 3708 prosequenda.
915 3625 1038 3689 Nuntii
1058 3645 1140 3689 vero

191 3724 284 3804 regis
312 3723 355 3786 ad
383 3725 503 3787 urbem
534 3725 790 3789 Londoniarum
817 3743 896 3787 cum
921 3725 1141 3788 festinatione

193 3824 370 3886 venientes
404 3824 578 3901 universa,
611 3844 690 3906 quae
723 3824 789 3887 sibi
822 3823 983 3905 imposita
1022 3824 1140 3887 dolose

194 3921 345 3998 fuerant,
383 3923 457 3986 sine
497 3923 577 3987 dolo
616 3925 802 3988 baronibus
842 3922 1064 4001 reserebant;
1105 3932 1142 3987 at

193 4021 245 4084 illi
272 4023 440 4085 immenso
467 4022 674 4086 fluctuantes
697 4023 824 4104 gaudio
851 4029 1047 4086 statuerunt
1069 4023 1142 4103 regi

193 4120 297 4196 diem,
331 4129 370 4184 ut
396 4123 530 4185 veniret
553 4131 675 4186 contra
705 4140 764 4185 eos
796 4121 839 4184 ad
872 4121 1082 4204 colloquium
1107 4123 1142 4185 in

192 4227 332 4301 pratum
354 4221 445 4285 inter
468 4221 593 4285 Stanes
615 4229 650 4285 et
667 4220 928 4285 Windleshores
950 4221 1068 4299 situm,
1085 4223 1144 4286 de·

194 4321 285 4384 cimo
305 4320 428 4402 quinto
450 4321 505 4385 die
526 4320 549 4385 J
554 4321 636 4385 unii.
689 4322 935 4386 Convenerunt
949 4322 1068 4406 itaque
1088 4323 1143 4386 die
