2970 5016
376 461 515 510 rnonns
539 462 807 514 nrsronmnuu.
1019 453 1063 515 77

116 616 229 678 tiones
245 624 282 679 et
303 623 432 692 castra,
456 624 585 698 praeter
600 618 714 694 villas,
729 625 905 698 nongenta
922 620 976 682 vel
992 638 1061 682 am·
1074 642 1129 681 no.
1140 643 1196 705 ¹¹.⁹³·

115 714 215 794 plius.
255 713 383 777 Sextus
393 715 483 777 lilius
492 715 580 797 ejus,
590 716 726 778 nomine
738 716 953 793 Machinoth,
966 724 1061 781 tenet
1073 690 1181 789 iffi:

117 818 243 873 terram
267 812 310 873 de
330 812 497 887 Baldach,
518 813 577 875 uhi
601 813 733 876 habitat
757 832 849 896 papa
870 815 1061 878 Saraceno-

117 928 203 984 rum,
219 910 280 990 qui
298 908 475 990 Calyphus
492 910 699 991 appellatur,
714 918 750 973 et
766 912 905 974 timetur
927 913 963 974 in
984 913 1061 992 lege

117 1025 235 1069 eorum
252 1014 287 1069 et
304 1007 480 1082 adoratur,
495 1008 585 1070 sicut
599 1007 756 1088 pontifex
771 1008 952 1071 Romanus
969 1009 1060 1090 apud

118 1123 203 1183 nos;
233 1104 382 1167 hicnon
412 1111 528 1186 potest
556 1104 663 1167 videri
690 1106 756 1167 nisi
785 1105 894 1168 bisin
921 1125 1058 1185 mense;

118 1202 338 1283 progreditur
352 1209 468 1264 autem
483 1221 560 1264 cum
584 1202 760 1284 discipulis
783 1203 867 1278 suis,
887 1223 974 1284 quos
999 1204 1061 1266 ha·

119 1300 178 1362 het
207 1300 298 1363 sicut
325 1318 419 1381 papa
447 1307 483 1362 et
505 1299 709 1375 cardinales,
735 1301 779 1362 ad
804 1301 1062 1377 mahumeriam,

120 1396 177 1460 uhi
198 1406 252 1461 est
271 1397 494 1461 Mahumetus
513 1396 598 1461 deus
618 1396 872 1477 Agarenorum,
894 1406 941 1475 et,
962 1399 1062 1461 incli-

119 1502 202 1559 nato
227 1496 342 1577 capite
373 1503 408 1559 et
431 1496 525 1559 facta
553 1496 709 1559 oratione
734 1496 923 1558 secundum
950 1496 1062 1576 legem

119 1612 250 1669 eorum,
279 1601 465 1674 antequam
498 1601 626 1657 exeunt
652 1593 695 1656 de
721 1593 848 1674 templo
881 1592 1064 1657 comedunt

119 1699 154 1754 et
166 1691 301 1767 bibunt,
324 1700 359 1755 et
373 1700 497 1773 postea
513 1691 556 1754 ad
573 1691 740 1772 palatium
763 1692 948 1754 revertitur
966 1710 1064 1755 coro-

120 1796 232 1851 natus.
284 1782 376 1853 ¹Iste
400 1789 624 1852 Mahumetus
646 1789 807 1863 visitatur
828 1797 864 1852 et
887 1789 1063 1866 adoratur,

119 1879 225 1949 sicut¹
242 1887 392 1968 populus
406 1887 623 1951 Christianus
640 1886 785 1950 adorant
797 1886 973 1950 Christum
989 1905 1064 1950 cru·

119 1983 281 2063 cifixum3
312 1993 366 2048 est
387 1993 503 2048 autem
525 1986 649 2049 civitas
670 1984 713 2048 de
737 1985 904 2061 Baldach,
930 1985 989 2047 uhi
1009 1993 1063 2049 cst

120 2081 343 2145 Mahnmetus
374 2090 410 2145 et
434 2081 624 2164 Calyphus,
654 2090 759 2164 caput
788 2084 902 2164 gentis
927 2081 1062 2163 Agaro-

120 2198 254 2256 norum,
280 2187 320 2242 ut
340 2179 455 2244 Roma
478 2180 515 2243 in
535 2180 664 2261 populo
687 2179 896 2244 Christiano.
947 2181 1062 2262 Septi·

122 2295 198 2339 mus
217 2276 310 2340 filins
332 2277 534 2359 Saphadini,
552 2279 688 2341 nomine
709 2277 888 2360 Salaphat,
912 2298 981 2342 non
1003 2278 1064 2342 ha-

120 2376 178 2438 het
199 2382 327 2438 terram
343 2374 588 2451 haereditalem,
610 2375 671 2438 sed
694 2383 747 2439 est
761 2370 856 2439 ⁸cum
872 2376 978 2439 fratre
999 2395 1063 2440 suo

123 2471 299 2535 Melealim
327 2481 363 2536 et
389 2479 506 2554 portat
531 2473 697 2537 vexillum
723 2493 845 2550 suum;
877 2474 933 2537 cui
958 2493 1064 2536 unus·

122 2570 268 2652 quisque
286 2571 431 2634 fratrum
451 2589 592 2635 suorum
617 2572 715 2634 annis
735 2572 880 2652 singulis
896 2571 990 2633 mille
1004 2570 1064 2633 Sa-

123 2686 264 2731 racenos
291 2669 494 2732 transmittit
514 2677 550 2732 et
571 2677 708 2732 centnm
731 2669 899 2731 bizantios
921 2674 956 2730 et
978 2668 1066 2730 duos

121 2764 316 2830 dextrarios
335 2768 423 2838 beno
444 2774 596 2848 paratos.
648 2765 867 2847 Saphadinus
887 2772 987 2846 pater
1000 2784 1066 2827 eo·

122 2882 211 2939 rum,
236 2863 375 2945 quando
397 2864 563 2928 visitabat
585 2863 675 2927 lilios
697 2883 791 2940 suos,
814 2863 930 2926 velato
953 2862 1067 2943 capite

123 2960 303 3024 incedebat
320 2981 396 3025 cnm
415 2980 484 3025 uno
507 2963 616 3025 serico
640 2962 757 3037 rubeo,
778 2961 834 3024 cui
857 2979 974 3024 omnes
993 2958 1067 3036 filii,

123 3065 274 3140 quatuor
300 3059 433 3122 vicibus
464 3060 578 3140 capite
610 3059 652 3121 ad
683 3067 810 3128 terram
840 3058 1006 3121 inclinato
1032 3065 1068 3120 et

122 3155 209 3236 pede
223 3155 391 3232 osculato,
409 3163 613 3235 occurrunt;
637 3164 672 3219 et
692 3158 813 3238 recipit
828 3175 888 3219 eos
911 3155 955 3218 ad
970 3175 1068 3218 oscu-

123 3252 193 3315 lum
227 3260 263 3315 et
295 3253 339 3316 ad
363 3273 515 3329 manum,
547 3261 582 3316 et
609 3273 686 3316 cum
716 3272 922 3336 unoquoque
950 3272 1066 3316 eorum
1094 3260 1096 3263 ’

124 3369 255 3413 moram
271 3350 354 3415 facit
371 3371 433 3433 per
448 3351 600 3414 triduum
621 3352 725 3414 semel
749 3353 784 3414 in
804 3370 917 3430 anno;
941 3359 976 3414 et
991 3351 1067 3431 qui-

122 3447 208 3512 libet
223 3468 342 3511 eorum
358 3448 464 3512 hahet
481 3449 647 3512 annulum
669 3450 705 3511 in
721 3449 843 3530 digito,
863 3449 898 3509 in
920 3465 990 3526 quo
1007 3465 1069 3528 pa-

122 3547 186 3610 tris
200 3546 316 3628 imago
331 3547 468 3629 sculpta
483 3555 548 3611 est.
595 3546 653 3624 Et,
669 3547 808 3628 quando
830 3545 974 3627 equitat,
998 3563 1069 3606 non

123 3643 275 3708 ostendit
302 3644 425 3708 faciem
449 3663 560 3722 suam,
589 3645 656 3708 nisi
683 3644 796 3708 decies
823 3645 858 3707 in
884 3659 997 3718 anno;
1033 3648 1069 3713 et

123 3741 263 3823 quando
276 3743 399 3825 recipit
410 3745 551 3806 nuntios
570 3743 749 3825 abaliquo
770 3742 937 3824 principe,
959 3739 1070 3820 primo

157 3913 165 3945 ¹
176 3917 227 3965 lite
238 3911 416 4032 Mehametusd
433 3916 514 3966 There
525 3918 549 3965 is
566 3931 583 3965 a
608 3917 727 3965 visitatur
733 3922 759 3964 et
769 3915 889 3964 odoratur
899 3914 1016 3962 dominus
1027 3929 1072 3976 pa·

119 3986 180 4047 long
191 3984 296 4047 chapter
307 4000 374 4045 upon
417 3985 517 4035 ahomet
533 3985 583 4034 and
610 3999 644 4047 pa
652 3980 668 4044 ς’
685 3985 743 4034 Jac.
755 3985 787 4032 de
799 3983 922 4032 Vitriaco.

120 4055 161 4103 his
172 4054 237 4102 lawr
247 4053 273 4101 in
286 4053 445 4115 Nowburgh,
455 4069 480 4103 v.
492 4052 504 4118 ξ
517 4058 556 4103 14.
621 4082 626 4089 ·

156 4120 248 4172 ’Sicut
256 4122 358 4184 popalus
366 4122 586 4171 charimundo·
651 4118 737 4168 'Cam
747 4119 830 4177 fratre
851 4133 893 4166 ruo
914 4119 1046 4169 Maisolia,
1060 4114 1071 4186 ]

121 4190 312 4239 michrirtum
319 4190 486 4254 muchium]
496 4191 586 4241 ‘Sicut
611 4192 618 4218 ‘
627 4189 691 4240 Cum
701 4193 826 4250 putresco
834 4184 999 4251 Saphadino;'
1010 4190 1072 4238 ibid.
