2970 5016
452 488 590 536 rnonns
615 489 884 537 msroamnun.
1077 473 1144 537 373

193 663 282 720 mus,
313 645 405 726 quod
436 646 510 727 ipse
539 647 579 709 in⁴
603 647 760 710 omnibus
791 644 1055 708 necessitatibus
1083 641 1143 705 de·
1156 661 1211 701 ao.
1225 662 1280 702 me.

193 742 274 805 beat
291 762 366 806 esse
391 744 581 820 brachium,
604 744 767 807 solatium
790 745 826 806 in
849 741 1143 826 oppressionibus,

194 847 229 903 et
253 840 421 922 refugium
445 844 480 905 in
508 844 803 925 persecutionibus
829 843 983 906 ecclesiae
1013 840 1144 904 Roma-

195 940 274 1001 nae!
326 941 373 1004 Et
394 942 429 1003 in
452 942 520 1004 fine
545 942 646 1017 dixit,
663 942 756 1024 quod
778 940 900 1003 melius
919 939 1023 1003 vellet
1044 940 1143 1016 mori,

193 1056 297 1118 quam
329 1040 469 1120 aliquod
503 1040 632 1103 malum
666 1041 764 1103 vobis
800 1038 971 1102 accideret
1003 1036 1040 1099 in
1077 1036 1143 1101 boc

194 1135 315 1212 sacto;
350 1146 385 1200 et
416 1139 466 1201 sic
502 1138 562 1201 illo
598 1138 654 1200 die
685 1139 899 1201 recessimus.
966 1136 1143 1199 Praeterea

194 1234 236 1296 de
259 1235 402 1299 consilio
423 1236 638 1317 quorundam
656 1235 881 1298 cardinalium
900 1242 1143 1317 exspectamus

195 1333 284 1394 diem
307 1332 540 1408 Ascensionis‚
563 1354 607 1396 ne
627 1340 803 1396 statuatur
825 1342 948 1398 contra
963 1352 1039 1409 vos,
1057 1353 1143 1414 quo-

195 1431 289 1493 niam
321 1432 377 1496 die
407 1433 468 1495 illo
500 1434 589 1496 solet
622 1451 712 1513 papa.
749 1433 916 1496 innovare
952 1431 1142 1494 sententias

193 1548 299 1608 sues;
331 1531 468 1595 dixerat
490 1532 581 1594 enim
608 1530 706 1594 nobis
733 1549 836 1611 papa,
858 1529 959 1612 quod.
977 1529 1052 1612 ipse
1079 1549 1141 1592 ex·

193 1637 365 1709 spectaret
383 1631 524 1694 nuntios
540 1628 669 1693 domini
683 1627 854 1692 Walonis
900 1627 1050 1691 Videte)

194 1801 263 1864 Hic
271 1812 436 1886 ponuntur
451 1804 624 1888 objectiones
640 1806 799 1870 Lodowici
813 1815 841 1869 et
855 1805 1004 1870 darocam
1018 1806 1144 1891 Acylla

459 1914 565 1968 contra
581 1926 678 1989 regem
693 1905 874 1968 Jolannem

247 2024 364 2089 Prima
395 2027 587 2109 propositio
615 2034 737 2091 contra
767 2047 882 2109 regem
909 2026 1049 2109 Angliae
1078 2026 1252 2091 suitam

194 2122 229 2182 in
253 2125 439 2203 praesentia
462 2127 591 2189 domini
613 2145 714 2209 papae
733 2145 754 2189 a
773 2127 903 2189 nuntiis
923 2126 1143 2208 supradictis,
1155 2092 1297 2239 uffipr

193 2221 285 2300 quod
313 2220 506 2287 Arthurum
534 2234 693 2306 nepotem
724 2245 825 2289 suum
854 2226 1002 2336 propriis
1034 2226 1144 2288 mani·
1129 2240 1220 2280 -John

193 2318 260 2379 bus
287 2338 350 2400 per
378 2321 605 2401 proditionem
632 2324 817 2399 interfecit,
843 2319 992 2404 pessimo
1023 2324 1143 2387 mortis

195 2434 334 2495 genere,
367 2419 457 2500 quod
487 2419 594 2503 Angli
627 2420 802 2484 murdrum
834 2419 1039 2499 appellant3
1080 2441 1143 2502 pro

195 2534 264 2597 quo
293 2514 385 2580 sacto
416 2517 506 2581 idem
535 2540 596 2583 rex
625 2519 874 2582 condemnatus
896 2516 963 2582 suit
985 2517 1028 2578 ad
1051 2538 1142 2582 mor-

194 2620 263 2676 tem
306 2608 347 2676 inv
379 2619 475 2681 curia
512 2620 605 2700 regis
638 2618 851 2681 Francorum
884 2636 946 2697 per
973 2615 1142 2699 judicium

194 2713 325 2794 parium
349 2734 502 2779 suorum.
554 2717 609 2782 Ad
633 2716 721 2781 benc
747 2715 975 2798 objectionem
999 2717 1143 2797 opponit

195 2811 350 2875 domiuus
373 2802 483 2896 papa,
509 2813 599 2894 quod
631 2815 776 2878 barones
808 2813 964 2877 Franeiae
988 2834 1056 2876 non
1082 2834 1143 2895 po-

196 2915 337 2974 tuerunt
356 2912 515 2994 judicare
545 2930 622 2974 eum
654 2912 697 2975 ed
724 2919 881 2986 mortem,
908 2913 989 2995 quie
1010 2913 1057 2977 sit
1079 2932 1142 2977 rex

195 3007 356 3073 inunctus
382 3019 417 3073 et
442 3011 493 3074 ita
515 3011 562 3074 sit
586 3012 765 3093 superior;
799 3030 861 3093 per
883 3012 1042 3086 barones,
1064 3019 1142 3075 tan-

194 3125 295 3188 quam
317 3109 505 3186 inferiores,
528 3130 597 3173 non
623 3111 736 3192 potuit
754 3110 797 3173 ad
816 3116 961 3173 mortem
983 3111 1143 3174 condem·

195 3205 282 3281 nari,
310 3209 392 3289 quia
419 3208 532 3290 major
561 3208 712 3290 dignitas
741 3207 993 3290 quodammodo
1022 3210 1142 3272 obsor-

194 3304 251 3367 bet
281 3306 460 3383 minorem,
489 3315 524 3370 et
561 3317 729 3388 praeterea
766 3305 905 3369 incivile
938 3305 1075 3368 videtur
1108 3313 1144 3370 et

194 3410 317 3466 contra
338 3423 488 3475 canones
508 3425 595 3483 esse,
618 3408 653 3468 in
674 3406 843 3470 bominem
865 3406 1054 3480 absentem,
1072 3425 1143 3469 non

194 3509 369 3579 vocatum,
388 3523 457 3567 non
480 3506 688 3581 convictum,
707 3524 769 3567 nec
792 3504 998 3578 consessum,
1021 3504 1143 3585 mortis

193 3598 282 3662 serre
302 3605 520 3666 sententium.
575 3603 630 3668 Ad
653 3604 717 3668 hoc
744 3601 857 3665 nuntii
876 3601 1065 3682 supradicti
1089 3622 1142 3664 re·

192 3700 418 3779 sponderunt,
446 3703 694 3768 ‘Consuetudo
719 3707 772 3764 est
795 3701 829 3763 in
852 3719 960 3781 regno
990 3700 1141 3763 Franco·

192 3816 281 3873 rum,
300 3802 391 3880 quod
413 3822 476 3866 rex
499 3803 603 3866 babet
619 3799 850 3865 omnimodam
866 3799 1141 3882 jurisdictionem

192 3895 229 3959 in
253 3897 409 3963 homines
428 3922 510 3965 suos
528 3902 651 3981 ligios3
675 3907 710 3962 et
727 3918 788 3961 rex
808 3897 946 3979 Angliae
967 3904 1042 3959 erat
1057 3915 1140 3959 suus

192 3995 294 4059 bomo
316 3997 431 4081 ligius,
456 4008 621 4081 tanquam
642 4018 756 4062 comes
777 4003 812 4060 et
828 3997 920 4074 dux;
947 4014 1042 4074 crgo,
1060 3994 1141 4062 licet

192 4104 285 4161 esset
307 4099 394 4162 alias
419 4119 480 4163 rex
507 4099 682 4172 inunctus,
705 4104 821 4160 tamen
843 4101 1008 4177 tanquam
1026 4112 1141 4156 comes

191 4202 227 4258 et
244 4197 316 4260 dux
340 4205 415 4261 erat
437 4198 479 4261 de
496 4197 737 4280 jurisdictione
763 4194 890 4259 domini
914 4193 1004 4275 regis
1029 4192 1057 4259 F
1060 4210 1139 4263 ran-
