2970 5016
455 485 594 534 rnouns
617 486 889 537 ursroaranun.
1080 472 1146 537 227

193 644 285 707 bono
323 644 418 724 pacis
451 637 651 709 'duodecim
684 647 792 709 millia
829 665 962 709 marcas
998 648 1145 727 argenti,
1158 660 1281 701 anno.

193 751 228 805 et
253 743 395 824 iusuper
420 744 464 807 ad
495 744 661 828 majorem
689 746 909 809 securitatem
937 745 1090 809 traderet
1113 747 1144 809 ei

193 835 299 905 duas²
320 842 410 906 filias
433 862 515 907 suas
538 844 573 906 in
595 845 802 921 obsidatum,
832 852 871 907 ut
887 864 949 926 per
970 845 1035 908 hoc
1054 845 1145 908 inter

192 960 252 1005 eos
283 962 355 1024 pax
387 942 516 1006 firmior
550 943 743 1007 haberetur.
798 944 995 1008 Recedeute
1026 945 1144 1026 itaque

192 1038 388 1122 Anglorum
421 1061 503 1122 rege
534 1050 661 1123 quarto
695 1041 862 1106 kalendas
891 1042 915 1106 J
919 1043 980 1105 ulii
1012 1062 1034 1105 a
1066 1062 1142 1106 cas·

192 1139 275 1204 tello
296 1149 498 1217 memorato,
519 1142 684 1223 praecepit
699 1161 761 1224 per
780 1141 928 1205 forestas
946 1143 1052 1205 totius
1069 1141 1144 1205 An-

193 1238 274 1318 gliae
310 1259 410 1321 sepes
445 1242 645 1304 comburere
680 1248 715 1305 et
743 1241 876 1305 fossata
911 1240 1143 1322 complanare,

191 1337 283 1401 datis
303 1338 460 1420 frugibus
478 1340 744 1423 circumquaque
767 1341 885 1404 bestiis
908 1339 952 1403 ad
974 1341 1143 1404 devoran-

191 1436 284 1499 dum.
338 1438 472 1503 Deinde
492 1436 583 1520 cepit
605 1439 768 1522 homagia
786 1440 828 1503 de
850 1440 1008 1502 omnibus
1034 1437 1143 1502 borni·

193 1536 296 1600 nibus
315 1536 421 1601 libere
437 1539 646 1614 tenentibus,
663 1547 699 1602 et
716 1539 821 1602 etiam
839 1537 1018 1601 duodecim
1036 1556 1143 1601 anuo·

193 1654 268 1698 rum
289 1639 416 1718 pueriS,
432 1638 540 1701 totius
562 1638 671 1717 regni,
690 1657 777 1721 quos
800 1656 918 1701 omues
941 1645 1019 1718 post
1036 1636 1144 1700 fideli·

191 1741 300 1799 tatem
322 1735 451 1801 factam
476 1738 512 1800 in
535 1737 691 1801 osculum
714 1737 811 1818 pacis
834 1736 963 1818 recepit
983 1755 1024 1800 ac
1046 1735 1145 1799 dimi-

191 1834 250 1897 sit.
302 1833 498 1901 Wallenses
521 1856 615 1912 vero,
631 1835 722 1917 quod
745 1837 915 1900 anteactis
933 1836 1144 1918 temporibus

192 1930 306 1997 fuerat
329 1935 535 2011 inauditum,
560 1935 653 2016 apud
678 1934 872 1999 Wodstoke
897 1935 1076 1999 venientes
1099 1935 1143 1997 ad

192 2052 310 2114 regem
336 2030 498 2116 homagia
523 2034 679 2098 feceruut
703 2035 841 2112 ibidem,
862 2034 943 2097 licet
964 2042 1035 2097 tam
1057 2033 1145 2097 divi·

192 2132 406 2215 tibusqnam
429 2135 638 2216 pauperibus
658 2142 750 2198 esset
765 2153 961 2199 onerosum.
1014 2132 1144 2196 Eodem

193 2244 286 2295 anno
308 2227 433 2309 ³0tho,
452 2232 543 2295 filius
561 2232 659 2296 ducis
679 2233 844 2298 Saxoniae
866 2240 902 2297 et
921 2252 1029 2314 nepos
1052 2232 1144 2313 regis

192 2326 344 2419 Angliae,
367 2351 389 2395 a
411 2350 503 2413 papa
532 2330 736 2395 Innocentio
763 2333 867 2396 tertio
893 2333 929 2394 in
958 2332 1144 2414 imperatu·

190 2448 264 2492 rem
299 2430 494 2494 Romanum
527 2430 650 2494 Romae
679 2438 899 2496 consecratus
933 2438 987 2494 est
1018 2438 1142 2513 quarto

192 2547 302 2592 nouas
319 2528 489 2594 Octobris.

243 2628 313 2692 Per
332 2629 423 2692 idem
444 2637 581 2712 tempus
601 2630 746 2693 clericus
772 2629 925 2713 quidam,
948 2627 1040 2710 apud
1067 2626 1142 2690 Ox·
1157 2639 1277 2729 {woh

191 2727 306 2792 oniam
338 2728 536 2793 liberalibus
565 2748 694 2793 vacans
730 2728 935 2809 disciplinis,
968 2727 1143 2790 mulierem
1157 2740 1275 2779 noxum.

191 2828 365 2909 quandam
399 2847 480 2891 casu
512 2827 697 2904 interfecit,
730 2846 833 2910 quam
864 2846 942 2890 cum
971 2834 1143 2889 mortuam

192 2926 484 3009 deprehendisset,
507 2948 568 3010 per
585 2927 704 3009 fugam
727 2928 793 2991 sibi
815 2926 1001 2990 consuluit.
1049 2925 1143 2988 Prae-

192 3025 304 3091 fectus
326 3035 442 3091 autem
459 3028 553 3090 urbis
569 3035 604 3091 et
621 3027 721 3091 multi
736 3028 796 3091 alii
815 3033 1048 3101 accurrentes,
1064 3044 1143 3088 cum

192 3127 371 3189 mulierem
392 3127 587 3191 exanimem
610 3128 829 3201 invenerunt,
851 3131 1033 3208 coeperuut
1049 3144 1143 3207 quae-

192 3244 267 3289 rere
285 3225 490 3290 homicidam
513 3226 610 3290 illnm
629 3226 666 3289 iu
687 3225 838 3308 hospitio
855 3245 931 3301 suo,
954 3224 1046 3308 quod
1065 3244 1142 3288 cunr

190 3325 302 3388 tribus
317 3325 421 3389 sociis
436 3326 509 3389 suis
526 3325 659 3389 clericis
677 3325 875 3403 locaverat3
899 3332 935 3388 et
951 3323 1033 3388 facti
1048 3344 1143 3389 reum

227 3503 382 3553 ¹Duodecim
402 3503 481 3552 millia
504 3517 597 3551 curcua
613 3517 654 3549 ur·
680 3502 746 3549 them
771 3501 833 3549 with
857 3499 962 3560 clothes,
984 3504 1032 3547 etc.
1055 3500 1081 3546 in
1101 3499 1144 3548 tbc

191 3567 291 3639 gesta]
311 3573 455 3635 According
465 3580 491 3621 to
503 3573 545 3621 the
556 3573 656 3621 charter
680 3571 756 3620 Close
777 3569 858 3630 Rolls,
875 3584 920 3630 pp.
944 3571 1000 3628 139,
1019 3571 1077 3627 144,
1094 3582 1143 3629 req.

191 3642 291 3704 printed
303 3643 329 3691 in
341 3643 444 3703 Rymer,
454 3643 497 3692 the
515 3656 571 3691 sum
583 3644 606 3690 is
616 3640 653 3689 nt·
683 3644 739 3689 1⁵⁷.

191 3718 249 3762 teen
260 3712 385 3762 thousand
397 3712 499 3771 marks;
515 3712 533 3760 i.
546 3727 571 3772 p.
584 3715 641 3760 lut.
717 3707 805 3757 ³Otltu
824 3744 830 3757 .
849 3744 855 3756 .
876 3744 882 3757 .
900 3711 1050 3757 cmmrrutus
1074 3705 1143 3769 est]

227 3780 320 3831 'Duas
335 3781 440 3847 filiae]
470 3781 548 3829 Their
570 3795 657 3829 names
682 3778 826 3839 According
841 3784 866 3826 to
882 3777 952 3826 Will.
971 3777 1049 3837 Brito,
1066 3776 1144 3836 chap-

192 3867 260 3901 ποτε
277 3852 409 3912 Margaret
426 3850 477 3900 aud
495 3852 596 3910 lsabe13
615 3850 657 3898 the
681 3851 733 3898 lain
745 3848 774 3897 ot'
782 3848 870 3908 Philip
882 3848 1026 3908 Augustus,
1040 3846 1144 3893 ‘contra

192 3920 283 3970 former
295 3936 349 3971 was
360 3923 387 3970 in
398 3920 441 3970 the
453 3921 585 3983 following
596 3935 658 3981 year
682 3919 836 3967 voluntatem
849 3917 974 3978 Philippi,
985 3921 1009 3963 et
1020 3913 1145 3963 contradi·

192 3992 302 4040 married
319 3997 345 4041 to
362 3991 442 4054 Hugh
459 3991 492 4039 de
510 3990 597 4052 Burgb
615 3989 658 4037 the
683 3989 798 4036 centibus
815 4002 860 4048 pro
877 3988 987 4035 maxima
1006 3988 1077 4045 parte
1095 3984 1147 4030 Ro-

189 4060 335 4123 justiciary,
350 4061 393 4109 tbe
410 4061 486 4109 latter
504 4065 529 4108 to
546 4059 588 4107 the
606 4060 657 4107 carl
684 4058 858 4119 munimntum
869 4055 989 4103 etmultis
1000 4054 1033 4102 de
1045 4067 1148 4114 magna·

192 4130 312 4178 marshal.
354 4132 401 4178 See
418 4129 535 4191 frequent
550 4129 659 4177 mention
684 4128 752 4174 tibus
762 4126 860 4186 imperii
869 4140 917 4173 non
929 4117 1147 4182 assentientibus3'

193 4200 221 4248 of
229 4214 354 4260 expensas
365 4200 482 4248 iucurred
493 4200 518 4248 in
526 4199 659 4260 providing
686 4196 748 4245 Bac.
759 4195 805 4243 des
818 4195 887 4243 llist.
899 4195 961 4242 xvii.
973 4209 999 4254 p.
1011 4197 1053 4241 84.

1000 4291 1044 4336 na
