2970 5016
452 470 590 520 snonus
615 471 882 519 sissonmnun.
1077 455 1142 518 267

191 649 273 692 num
297 647 403 709 regno
426 628 513 691 adeo
536 627 696 703 invaluit,
720 633 848 690 utnon
873 627 946 710 Jam
968 627 1004 689 in
1028 627 1142 690 occul-
1154 641 1208 681 A1>
1220 640 1275 680 ¹21³

193 736 241 804 to,
267 729 358 792 sicut
380 728 476 804 alibi,
504 727 691 807 nequitiam
715 744 811 789 suam
837 733 1050 802 exercerent,
1081 692 1280 842 sedorp-Am·

192 846 341 892 errorem
370 846 471 890 suum
500 826 636 908 publice
660 832 892 907 proponentes
922 825 966 888 ad
1000 844 1144 889 consen·
1281 816 1287 828 '

192 946 269 990 sum
304 945 404 989 suum
437 924 611 1007 simplices
644 924 860 988 attraherent
894 933 929 987 et
963 924 1143 1002 infirmos3

194 1025 357 1089 dicuntur
380 1032 497 1089 autem
517 1022 723 1104 Albigenses
741 1024 785 1087 ab
803 1021 897 1086 Alba
913 1024 1067 1099 civitate,
1086 1024 1144 1087 ubi

196 1143 291 1189 error
317 1124 376 1187 ille
407 1122 534 1186 dicitur
562 1123 752 1203 sumpsisse
781 1122 970 1186 exordium.
1039 1122 1145 1187 Cum-

195 1242 263 1305 que
292 1222 432 1285 tandem
463 1222 601 1285 illorum
635 1221 844 1303 perversitas
873 1222 959 1285 adeo
994 1222 1145 1285 divinam

196 1322 405 1403 contempsit
428 1321 661 1395 severitatem,
684 1327 736 1397 ut,
755 1319 950 1384 videntibus
975 1321 1146 1402 episcopis

197 1428 234 1484 et
256 1420 479 1502 presbyteris,
502 1420 609 1483 libros
640 1419 899 1501 evangeliorum
925 1419 960 1482 in
991 1420 1146 1483 sentinus

198 1520 406 1603 projicerent
439 1526 474 1583 et
497 1518 622 1583 calices
648 1538 727 1581 cum
760 1519 854 1582 vasis
885 1520 993 1582 sacris
1024 1520 1059 1581 in
1087 1518 1147 1581 de·

198 1624 354 1700 spectum
376 1617 531 1700 corporis
554 1625 590 1681 et
611 1617 790 1698 sanguinis
811 1616 940 1681 Christi
964 1617 1149 1681 enormiter

199 1717 478 1793 dehonestarent,
518 1735 611 1799 papa
651 1715 890 1793 Innocentius,
920 1717 974 1780 his
1007 1715 1148 1791 auditis,

200 1835 268 1879 nou
299 1816 515 1880 mediocriter
547 1816 746 1893 condoluit3
779 1815 851 1897 qui,
881 1816 994 1879 missis
1023 1815 1148 1897 preadi-

199 1916 375 1979 catoribus
403 1915 447 1977 ad
472 1933 590 1979 omnes
616 1914 776 1996 regiones
798 1915 998 1992 occidentis,
1021 1914 1148 1997 priuci-

201 2015 303 2097 pibus
334 2014 480 2096 aliisque
518 2013 655 2095 populis
687 2012 893 2077 Christianis
927 2008 978 2077 ¹in
1008 2032 1149 2077 suorum

200 2114 436 2177 remissionem
469 2119 688 2194 peccatorum
718 2112 883 2195 injunxit,
915 2120 954 2177 ut
982 2133 1020 2178 se
1049 2132 1150 2176 cruce

201 2212 381 2294 signarent
405 2212 449 2276 ad
470 2211 559 2275 hanc
582 2219 714 2292 pestem
744 2213 1016 2294 exstirpandam,
1046 2219 1151 2294 atque

202 2312 311 2375 tantis
339 2311 496 2374 cladibus
526 2329 564 2373 se
594 2317 808 2391 opponentes
830 2312 961 2375 viribus
989 2319 1024 2376 et
1046 2313 1151 2374 armis

203 2417 383 2474 tuerentur
405 2409 571 2491 populum
600 2406 857 2488 Christianum
889 2410 1021 2474 addidit
1047 2411 1150 2473 etiam

203 2509 411 2573 auctoritate
426 2508 518 2571 sedis
536 2507 749 2589 apostolicae,
767 2516 806 2571 ut
823 2509 1018 2589 quicunque
1035 2509 1077 2570 ad
1094 2528 1153 2570 ex-

205 2607 429 2689 pugnandum
459 2625 519 2670 eos
548 2606 700 2669 lahorem
727 2607 792 2669 sibi
818 2607 1010 2691 injunctum
1038 2626 1154 2670 susce·

205 2708 330 2788 perint,
349 2707 440 2770 sicut
457 2706 507 2769 illi
525 2705 585 2786 qui
603 2704 823 2787 sepulchrum
844 2706 983 2769 Domini
1000 2706 1153 2781 visitant,

208 2818 279 2868 tam
307 2807 342 2867 in
371 2806 473 2868 rebus
499 2823 603 2886 quam
632 2805 667 2866 in
697 2805 853 2885 personis
885 2806 929 2868 ah
956 2804 1049 2868 omni
1076 2804 1155 2867 hos·

208 2905 293 2967 tium
314 2904 510 2967 incursione
529 2910 709 2966 manerent
728 2903 851 2967 securi.
904 2902 959 2967 Ad
982 2903 1071 2966 hanc
1093 2922 1155 2966 au·

207 3010 275 3067 tenr
296 3003 576 3085 praedicationem
594 3010 693 3066 tanta
711 3021 812 3065 cruce
830 3004 1043 3083 signatorum
1066 3002 1155 3065 mul·

207 3102 320 3166 titudo
346 3102 520 3178 convenit,
547 3108 681 3182 quanta
702 3121 770 3164 nou
799 3102 950 3166 creditur
973 3104 1008 3165 in
1037 3109 1155 3167 nostro

206 3202 345 3264 climate
364 3199 553 3282 aliquando
571 3200 784 3264 convenisse.

205 3372 255 3436 De
270 3373 400 3436 erectione
416 3393 506 3435 cruce
526 3372 719 3456 siccatorum
727 3371 825 3454 suctu
846 3379 954 3435 contra
969 3369 1156 3456 Alb-ipenses.

274 3495 443 3558 Omnibus
477 3496 585 3577 igitur
615 3495 837 3576 congregatis
867 3495 971 3558 etad
1005 3514 1156 3576 pugnam

208 3594 354 3659 viriliter
392 3595 571 3669 accinctis,
603 3594 883 3675 archiepiscopus
921 3593 1158 3657 Narbonensis

208 3701 243 3757 et
268 3693 468 3775 apostolicae
498 3693 589 3756 sedis
613 3694 649 3755 in
676 3692 741 3756 hac
768 3692 987 3774 expeditione
1009 3692 1158 3774 legatus,

208 3812 286 3857 cum
321 3793 533 3875 principibus
573 3791 717 3869 militiae,
754 3791 841 3855 duce
875 3790 1035 3855 videlicet
1069 3792 1159 3855 Bur-

208 3892 360 3974 gundiac,
390 3892 516 3955 comite
549 3890 756 3954 Nivernensi
790 3897 825 3954 et
855 3891 979 3953 comite
1011 3891 1160 3955 Montis·

246 4064 298 4114 ¹1n
310 4081 406 4114 suorum
418 4066 581 4114 remissionem
591 4079 672 4128 perco-
698 4066 744 4113 but
767 4070 809 4112 not
832 4080 879 4114 oue
905 4080 972 4126 peny
1001 4081 1033 4114 on
1055 4067 1125 4115 earth
1139 4063 1159 4128 ς’

208 4137 325 4199 torum]
354 4137 412 4183 ‘To
434 4137 516 4184 whom
540 4136 582 4183 the
607 4150 672 4196 pope
701 4133 1002 4200 Huinarre,iii.§2l.

209 4205 337 4266 promised
368 4206 492 4254 l'arudise
520 4207 545 4253 in
567 4206 673 4266 heaven,
