2970 5016
338 439 405 505 296
595 452 729 502 noceat
754 452 802 498 nu
829 450 1038 499 wunnovus

180 626 235 667 M>-
246 626 304 667 1215·
341 633 457 696 regem
493 615 619 678 ibidem
656 613 845 696 supradicti
881 620 1063 693 magnates
1094 611 1130 673 in
1167 611 1297 675 lascivo

341 715 428 778 satis
446 722 618 796 apparatu
641 713 795 788 militari,
818 713 992 794 petierunt
1010 709 1182 792 quasdam
1201 711 1295 775 liber·

343 820 434 877 tates
455 820 491 876 et
508 814 601 895 leges
625 813 717 893 regis
741 811 925 875 Eadwardi
948 829 1027 873 cnm
1055 809 1134 873 aliis
1156 809 1296 874 liberta·

343 914 448 988 tibus,
476 913 540 975 sibi
570 920 606 975 et
629 931 736 992 regno
761 910 899 992 Angliae
925 917 960 973 et
984 909 1143 973 ecclesia·
1172 908 1296 990 Angli·

343 1030 439 1074 canae
467 1012 653 1087 concessis,
675 1010 882 1086 confirmari,
912 1015 1017 1090 prout
1040 1008 1076 1070 in
1100 1007 1227 1072 charta
1248 1029 1296 1073 re

343 1112 399 1192 gis
420 1110 566 1174 Henrici
586 1110 686 1191 primi
706 1117 742 1173 et
758 1109 893 1190 legibus
912 1105 1090 1197 praedictis
1111 1107 1295 1190 adscriptae

343 1211 587 1288 continentur;
612 1209 814 1272 asserebant
831 1214 1013 1289 praeterea,
1032 1207 1126 1287 quod
1144 1215 1296 1290 tempore

345 1328 418 1372 suae
439 1308 668 1372 absolutionis
687 1307 778 1390 apud
799 1305 1017 1371 wintoniam
1040 1305 1120 1369 illas
1143 1307 1241 1388 leges
1264 1318 1295 1373 et

344 1408 522 1471 libertates
548 1407 710 1488 antiquas
731 1406 937 1488 promiserat
957 1413 992 1468 et
1013 1405 1057 1468 ad
1083 1407 1296 1471 observatio·

344 1526 422 1570 nem
443 1526 562 1570 earum
581 1507 627 1570 sit
641 1506 816 1586 obligatus
836 1524 898 1587 per
919 1504 1096 1587 proprium
1115 1505 1295 1588 juramen·

345 1613 431 1668 tum.
483 1604 640 1669 Audiens
668 1613 783 1668 autem
805 1623 868 1666 rex
890 1604 1057 1666 baronum
1081 1603 1117 1666 in
1144 1604 1212 1669 hac
1235 1626 1294 1670 ex-

344 1704 481 1768 actione
506 1705 750 1779 constantiam,
777 1702 954 1766 metuebat
974 1721 1079 1784 quam
1108 1703 1293 1785 plurimum

344 1803 511 1886 impetum
533 1823 663 1879 eorum,
681 1821 768 1886 quos
785 1802 871 1866 vidit
889 1808 1032 1884 paratos
1051 1802 1095 1865 ad
1113 1803 1292 1885 praelium;

345 1904 535 1985 respoudit,
558 1922 720 1983 magnam
740 1920 816 1964 esse
844 1919 916 1964 rem
937 1909 972 1965 et
994 1899 1167 1965 difficilem
1190 1922 1291 1984 quam

344 2003 520 2083 petebant,
556 2002 646 2065 unde
684 2001 884 2083 postulabat
912 2000 1069 2063 inducias
1104 2019 1217 2084 usque
1250 2004 1290 2068 ad

344 2100 499 2162 clausum
518 2098 666 2175 Pascha,
682 2108 733 2175 ut,
756 2100 876 2164 habita
895 2098 1155 2177 deliberatione,
1176 2112 1212 2167 et
1229 2105 1291 2168 sibi

343 2204 379 2260 et
396 2217 532 2261 coronae
551 2217 625 2260 suae
648 2201 758 2280 possit
777 2200 977 2263 satisfacere
997 2198 1172 2280 dignitati.
1226 2202 1289 2267 Sed

344 2295 496 2373 tandem,
511 2296 629 2360 multis
651 2297 730 2362 hinc
751 2306 786 2362 et
805 2298 885 2361 inde
901 2299 1101 2381 propositis,
1120 2319 1194 2377 rex,
1213 2301 1291 2367 licet

343 2394 484 2471 invitus,
511 2396 805 2479 archiepiscopum
835 2397 1134 2475 Cautuariensem,
1159 2401 1290 2482 episco-

343 2513 425 2576 pum
446 2493 618 2559 Elieusem
636 2503 671 2558 et
686 2496 899 2560 Willelmum
922 2495 1193 2561 Mareschallum
1211 2501 1291 2564 fide·

337 2592 496 2675 jussores
518 2595 662 2670 invenit,
686 2595 777 2678 quod
799 2595 855 2660 die
878 2596 1034 2678 praefixo,
1059 2598 1196 2662 ratione
1223 2620 1290 2664 me·

342 2692 472 2770 diante,
502 2694 718 2757 satisfaceret
745 2696 938 2772 universis3
972 2714 1041 2778 quo
1063 2695 1169 2774 facto,
1198 2719 1289 2781 mag-

342 2800 442 2856 nates
467 2793 510 2856 ad
537 2795 676 2876 propria
698 2802 780 2857 sunt
803 2795 944 2858 reversi.
998 2794 1077 2859 Rex
1100 2806 1216 2862 autem
1240 2800 1290 2861 iu·

343 2890 454 2968 terim,
478 2892 598 2955 volens
627 2893 692 2956 sibi
716 2912 913 2975 praecavero
939 2894 975 2956 in
1002 2902 1190 2975 posterum,
1213 2897 1290 2962 fecit

341 2990 408 3051 sibi
433 2991 498 3053 soli
528 2998 648 3054 contra
676 3011 793 3055 omues
823 2992 977 3055 homines
1000 2992 1203 3059 fidelitatem
1229 3017 1288 3078 per

341 3094 451 3150 totam
471 3088 634 3169 Angliam
654 3090 773 3173 jurare
795 3099 830 3154 et
845 3091 1008 3172 homagia
1032 3112 1219 3174 renovare3
1244 3105 1288 3172 et,

341 3193 380 3247 ut
406 3185 472 3249 sibi
502 3188 624 3251 melius
650 3190 871 3270 provideret,
890 3193 926 3254 in
954 3191 1009 3255 die
1036 3193 1286 3274 purificationis

339 3283 451 3348 beatae
482 3286 618 3364 Mariae,
645 3307 781 3351 crucem
805 3288 946 3353 Domini
974 3294 1138 3372 suscepit,
1167 3294 1286 3357 timore
1315 3325 1320 3341 ·

338 3385 579 3467 potiusquam
606 3386 788 3450 devotione
815 3388 988 3453 inductus.
1041 3391 1173 3455 Eodem
1196 3413 1285 3457 auno

338 3481 557 3562 Eustachius,
585 3485 734 3548 Elieusis
765 3487 960 3569 episcopus,
986 3490 1040 3552 vir
1067 3497 1139 3553 tam
1171 3492 1286 3556 divina

336 3600 441 3662 quam
458 3583 607 3646 humana
627 3583 781 3648 eruditus
801 3587 958 3663 scientia,
975 3589 1066 3669 apud
1086 3588 1284 3673 Radingnm

335 3681 428 3743 viam
445 3682 743 3746 universae·carnis
759 3685 937 3766 ingressus
952 3694 1015 3750 cst.

331 3791 1283 3818 -ῄ-Ἢ

332 3851 379 3898 tito
393 3855 476 3899 tamen
492 3853 564 3912 prius
581 3866 596 3899 a
614 3853 686 3902 nobis
701 3859 727 3902 et
743 3855 795 3904 hae·
820 3857 875 3906 buil
901 3858 930 3907 ol
954 3858 995 3908 the
1023 3874 1089 3920 pope
1112 3864 1281 3925 confirmatum

332 3920 436 3969 nedibus
451 3922 542 3970 nostrie
558 3922 660 3970 licentia
674 3924 795 3986 eligendi,
819 3927 849 3974 ot
868 3926 918 3975 this
940 3928 1080 3979 chartaria
1104 3931 1130 3979 iu
1152 3933 1196 3982 the
1219 3947 1281 3996 page

331 4003 406 4049 quarn
424 4005 473 4038 uon
490 3990 671 4053 denegabimus
687 4007 734 4042 nec
745 3994 794 4043 dii·
820 3995 957 4058 following.

331 4055 470 4120 ieramus3‘
488 4061 591 4123 Rymer,
607 4077 632 4123 p.
648 4064 704 4112 126.
739 4063 793 4113 The
