2970 5016
391 496 531 544 rnoans
556 496 824 546 ursronmauu.
1019 478 1085 545 115

132 672 210 716 nem
230 653 357 716 iterum
381 654 610 736 postulantes,
632 655 825 736 exprimere
847 673 917 717 non
938 647 1081 718 sufficio
1095 659 1220 759 223th

133 752 298 815 Substitit
334 751 389 815 hic
419 771 552 816 mecum
582 753 793 835 aliquamdiu
823 754 946 816 ductor
975 760 1143 867 menapi:
1130 759 1249 850 ffiff

133 850 192 914 sed
217 850 355 914 tandem
382 852 624 915 accedentibus
649 871 735 915 cmx
762 853 918 933 erigitur,
943 852 1040 915 iter
1031 872 1084 915 m·

135 948 306 1030 gressuris
323 956 442 1031 patet3
469 951 584 1013 socius
608 950 715 1014 libere
738 951 943 1031 ingreditur,
964 952 1085 1015 subse·

134 1048 265 1128 quebar
299 1055 335 1111 et
366 1067 444 1128 ego,
475 1068 594 1112 verum
621 1068 707 1112 crux
735 1069 781 1113 ex
807 1049 995 1131 improviso
1025 1049 1084 1112 de-

136 1146 268 1209 scendit
290 1165 395 1228 super
416 1165 538 1210 manus
559 1154 708 1225 nostras,
725 1167 848 1229 meque
863 1166 885 1211 a
901 1147 998 1210 ducis
1018 1148 1085 1211 mei

134 1252 336 1308 consectatu
364 1246 531 1323 arcebat3
564 1246 656 1327 quod
682 1265 825 1310 cernens
851 1266 917 1327 ego
941 1245 1084 1309 nlmium

136 1343 380 1426 pertimescens
412 1344 481 1407 ista
513 1343 666 1407 ductoris
697 1344 762 1407 mei
794 1345 926 1407 monita
956 1343 1083 1420 audivi,

137 1441 215 1505 ‘Ne
229 1441 381 1523 paveas,'
394 1442 519 1524 inquit,
534 1448 544 1476 ‘
557 1441 658 1506 fidem
672 1448 808 1505 tantum
822 1441 947 1505 habeto
961 1443 998 1504 in
1014 1443 1086 1506 Do-

136 1541 267 1604 minum
281 1552 317 1603 et
329 1559 472 1604 securus
487 1540 665 1622 ingredere
674 1540 693 1621 ;'
710 1547 757 1616 et,
767 1540 932 1604 redeunte
948 1539 1085 1618 fiducia,

136 1658 223 1702 crux
251 1639 445 1718 ingressum
475 1641 647 1702 concessit
672 1646 707 1702 et
731 1638 870 1702 intravi.
924 1637 1084 1715 Quantus

136 1756 219 1800 vero
247 1735 363 1817 fulgor
393 1737 645 1801 inaestimabilis
676 1737 858 1813 claritatis,
885 1745 1084 1819 quantaque

136 1835 275 1898 luminis
308 1835 422 1916 gratia
459 1836 603 1900 interius
640 1836 802 1899 universa
839 1835 1034 1917 repleverit,
1064 1856 1086 1899 a

136 1954 191 1997 me
212 1951 313 1998 nemo
335 1935 512 2015 requirat3
541 1933 607 1998 hoc
632 1934 723 1998 enim
748 1935 833 2015 [non
859 1932 987 2014 solnm]
1010 1944 1087 1998 xer·

137 2033 190 2096 bis
212 2032 418 2113 exprimere,
443 2033 505 2096 sed
527 2052 590 2096 nec
615 2040 730 2097 mente
749 2030 880 2096 sufficio
901 2033 1084 2097 recordari.

137 2130 307 2213 Splendor
325 2131 385 2195 ille
411 2132 559 2196 blandus
581 2139 616 2196 et
638 2151 801 2195 coruscus
824 2133 873 2195 sic
894 2131 1086 2196 intuentem

136 2229 173 2293 in
195 2249 234 2293 se
255 2231 423 2312 rapiebat,
446 2231 496 2294 sic
521 2231 643 2294 nitoris
672 2231 902 2294 immensitate
924 2250 1086 2314 superse

138 2328 312 2406 efferebat,
334 2337 374 2392 ut
391 2329 477 2393 nihil
493 2330 530 2393 in
547 2328 624 2413 ejus
646 2330 902 2411 comparatione
919 2350 995 2393 esse
1014 2349 1088 2392 cre-

138 2429 266 2504 derem,
282 2428 446 2510 quicquid
469 2448 523 2492 me
543 2429 690 2510 contigit
707 2437 850 2492 eatenus
872 2429 1086 2511 inspexissc;

138 2546 220 2591 nam
245 2525 407 2609 splendor
427 2527 499 2605 ille,
526 2528 684 2609 quamvis
711 2527 962 2591 inaestimabilis
984 2534 1087 2604 esset,

138 2627 306 2690 intuentis
339 2632 455 2689 tamen
489 2645 558 2690 non
593 2626 848 2700 reverberabat,
878 2625 938 2688 sed
972 2627 1088 2706 potius

139 2725 286 2788 acuebat
308 2725 487 2804 obtutum3
514 2724 656 2788 inferius
679 2732 796 2788 autem
825 2724 973 2787 intuenti
1003 2722 1088 2786 nihil

140 2823 235 2887 aliud
266 2824 467 2887 occurrebat
497 2824 563 2888 nisi
590 2823 653 2886 lux
676 2828 712 2886 et
736 2841 866 2899 murus,
888 2828 928 2883 nt
959 2822 1089 2884 dictum

140 2931 206 2998 est,
234 2921 467 3004 crystallinus.
521 2921 632 2986 Erant
657 2941 793 3004 quoque
819 2923 862 2985 ab
888 2920 957 2984 imo
980 2938 1089 3002 usque

140 3021 186 3085 ad
209 3020 443 3085 summitatem
464 3020 541 3105 ejus
567 3020 697 3102 gradus
727 3021 814 3085 mira
837 3018 1091 3102 pulchritudine

142 3119 314 3202 dispositi,
347 3139 409 3202 per
437 3139 525 3201 qnos
556 3119 788 3184 ascendebant
812 3118 1006 3183 loetantium
1029 3137 1091 3200 ag·
1132 3118 1144 3127 '

142 3219 236 3282 mina
256 3236 339 3281 mox
360 3224 401 3282 ut
421 3226 522 3283 erant
543 3238 605 3300 per
620 3218 767 3303 januam
783 3217 994 3295 intromissi3
1018 3218 1091 3281 nul-

142 3317 198 3381 lus
218 3317 286 3381 fuit
303 3317 563 3382 ascendentium
579 3317 689 3394 labor,
705 3315 886 3380 difficultas
905 3316 1013 3392 nulla,
1028 3335 1091 3380 nec

143 3417 260 3498 aliqua
284 3416 320 3479 in
348 3435 493 3480 ascensu
526 3435 634 3491 mora,
665 3417 747 3497 quia
774 3434 908 3497 semper
936 3415 1092 3495 superior

144 3533 248 3597 quam
266 3513 408 3578 inferior
429 3514 559 3596 gradus
585 3514 735 3578 alacrius
757 3512 998 3577 scandebatur.
1034 3510 1090 3574 Ad

144 3614 269 3677 altiora
293 3631 375 3677 vero
398 3613 518 3678 oculos
545 3612 697 3694 dirigens
721 3611 886 3694 conspexi
907 3611 944 3673 in
967 3609 1092 3673 throno

143 3711 263 3793 gloriae
285 3711 491 3776 residentem
509 3712 697 3779 Dominum
717 3719 753 3775 et
772 3709 988 3775 Salvatorem
1011 3727 1092 3771 nos·

144 3817 236 3874 trum
254 3811 292 3874 in
313 3812 428 3894 specie
446 3809 610 3887 humana,
633 3819 669 3875 et
683 3811 719 3873 in
736 3810 882 3873 circuitu
905 3807 1094 3872 ascenden-

145 3918 198 3974 tes
231 3916 267 3972 et
295 3928 374 3972 cnm
407 3910 596 3991 gratiarum
624 3909 760 3973 actione
789 3907 973 3971 adorantes
1003 3924 1095 3980 enm,

145 4016 185 4071 ut
204 4007 289 4072 mihi
307 4008 502 4086 videbatur,
525 4009 793 4090 quingentorum
816 4004 872 4069 vel
895 4005 1095 4086 septingen-

145 4113 261 4171 torum
283 4107 426 4190 spiritus
445 4109 638 4184 beatorum,
660 4106 720 4187 qui
744 4124 853 4185 nuper
874 4104 1009 4179 itinere,
1026 4121 1095 4185 quo

146 4206 351 4288 praedictum
373 4215 439 4286 est,
463 4206 508 4271 ad
534 4206 649 4271 locum
673 4203 790 4270 throni
813 4202 1095 4267 conscenderant.

424 4339 426 4342 <
954 4317 993 4362 12
