2970 5016
346 453 410 517 134
600 470 733 517 nonum
761 470 808 516 ua
834 469 1037 516 wunuovun

184 637 307 677 A·¹>·¹¹⁹&
347 645 533 704 revocare3
563 633 775 707 quapropter
801 624 838 686 in
869 624 1070 687 haereditate
1090 642 1153 685 sua
1176 623 1299 704 adqui-

184 685 321 776 mm
347 725 466 800 renda,
494 744 557 806 pro
580 725 689 805 ipsius
719 742 819 805 papae
849 722 999 799 desecto,
1022 722 1221 804 compulsus
1245 729 1299 785 est

347 824 534 887 maximam
574 823 727 904 pecuniae
766 841 935 885 summam
967 820 1166 900 effundere;
1207 820 1298 884 unde

347 941 411 986 rex
444 921 611 1004 praesatus
636 940 705 984 non
737 921 849 984 solum
881 920 1081 1003 perjurium,
1109 939 1230 983 verum
1263 929 1298 984 et

347 1022 554 1084 senteutiam
575 1019 954 1095 excommunicationis,
970 1019 1134 1098 incurrit3
1152 1037 1217 1082 nec
1233 1018 1298 1082 eti-

348 1139 406 1183 am
424 1120 490 1182 sibi
508 1124 658 1195 constat,
675 1119 705 1181 si
722 1137 786 1180 rex
804 1118 1016 1182 Francorum
1033 1118 1068 1181 iu
1084 1119 1216 1198 treugis
1235 1137 1297 1182 vo·

348 1218 452 1281 luerit
473 1218 678 1282 consentire.
731 1216 831 1281 Tunc
849 1216 1045 1293 cardinalis,
1063 1235 1144 1296 rege
1160 1216 1298 1296 Anglo·

349 1337 423 1380 rum
443 1334 598 1380 seorsum
619 1316 802 1391 advocato,
821 1315 1024 1396 recognovit
1040 1316 1148 1378 eidem
1167 1316 1233 1378 sub
1252 1316 1299 1377 si-

348 1414 434 1496 gillo
466 1415 603 1491 secreti,
634 1413 725 1496 quod
759 1414 803 1478 ad
830 1414 1033 1477 instantiam
1064 1414 1173 1495 ipsius
1204 1414 1297 1494 regis

347 1515 473 1576 missus
497 1513 610 1577 fuerat
633 1532 655 1575 a
677 1531 769 1595 papa
792 1520 833 1575 ut
854 1518 1076 1594 componeret
1098 1513 1190 1576 inter
1211 1531 1295 1591 eos;

346 1611 511 1695 deditque
541 1611 614 1692 regi
645 1610 839 1688 consilium,
866 1617 906 1674 ut
936 1610 1002 1674 hac
1029 1610 1104 1674 vice
1134 1611 1294 1691 petitioni

349 1709 478 1774 domini
505 1729 606 1792 papae
635 1707 885 1791 adquiesceret,
914 1710 1063 1772 sciturus
1095 1728 1158 1791 pro
1186 1718 1295 1786 certo,

348 1808 440 1890 quod
465 1808 625 1872 dominus
651 1827 744 1890 papa
771 1809 884 1889 ipsum
910 1814 982 1870 tam
1006 1808 1049 1871 de
1075 1827 1156 1888 rege
1183 1808 1295 1871 Fran-

348 1926 465 1971 corum
486 1926 591 1989 quam
614 1907 657 1969 do
679 1907 838 1970 omnibus
862 1906 939 1969 aliis
964 1906 1036 1969 suis
1062 1907 1206 1989 agendis
1232 1925 1295 1970 ex·

349 2005 495 2069 audiret.
548 2005 617 2068 His
636 2005 687 2068 ita
703 2006 823 2086 gestis,
838 2024 901 2068 rex
918 2003 1126 2082 Richardus,
1139 2005 1200 2087 qui
1216 2025 1297 2087 pro·

348 2105 535 2167 motionem
560 2097 726 2167 ¹Otbonis
750 2104 885 2185 nepotis
906 2104 961 2167 sui
987 2123 1096 2185 nuper
1118 2106 1154 2167 in
1179 2124 1296 2186 regom

349 2199 621 2265 Alamannorum
642 2203 797 2266 coronati
819 2220 926 2283 supra
948 2202 1086 2265 modum
1112 2202 1298 2266 affectave-

348 2306 416 2375 rat,
438 2307 478 2364 ut
497 2299 683 2363 faciliorem
706 2299 848 2364 baberet
866 2320 888 2363 a
910 2319 1002 2382 papa
1026 2300 1069 2363 ad
1085 2301 1297 2382 imperialem

349 2400 642 2463 consecrationem
664 2417 853 2476 accessum,
876 2399 1026 2463 omnium
1054 2400 1167 2463 victus
1189 2401 1300 2481 preci·

351 2497 415 2559 bus
442 2497 638 2580 adquievit3
665 2517 833 2580 regesque
858 2498 895 2560 in
920 2516 1027 2561 unum
1054 2498 1299 2562 convenientes

352 2603 492 2677 treugas
524 2596 588 2660 tali
624 2596 784 2678 pactione
807 2595 1015 2678 jnraverunt
1046 2597 1298 2678 quinquennes,

351 2694 442 2776 quod
470 2695 625 2759 homines
643 2703 868 2776 utrorumque
891 2714 1011 2775 regum
1032 2702 1067 2758 et
1088 2703 1298 2759 mercatores

351 2811 412 2873 per
435 2801 546 2857 terras
567 2793 753 2857 alterutras
775 2800 811 2856 et
832 2793 1003 2855 nundinas
1027 2793 1169 2875 pacifice
1190 2795 1241 2857 ire
1264 2803 1300 2858 et

350 2892 471 2965 redire,
491 2911 603 2956 emere
621 2892 723 2955 simul
742 2898 778 2955 et
795 2891 955 2967 vendere,
973 2893 1180 2973 potuissent.
1217 2891 1299 2970 Quo

351 2988 455 3061 sacto,
476 3009 538 3052 rex
555 2987 749 3070 Anglorum
767 2990 927 3053 abbatem
948 2988 1244 3053 Certesheiensem
1262 2998 1298 3054 et

352 3084 597 3162 Reimundum,
611 3087 817 3151 monachum
832 3088 943 3152 sancti
954 3088 1095 3165 Albani,
1104 3089 1164 3170 qui
1177 3089 1297 3153 codem

352 3193 505 3265 ternpore
526 3204 589 3266 pro
613 3186 717 3248 variis
740 3187 888 3268 nogotiis
909 3187 1063 3251 ecclesiae
1081 3207 1154 3250 suae
1177 3188 1221 3250 ad
1246 3209 1299 3252 re·

350 3301 429 3362 gem
448 3284 669 3346 transmissus
687 3284 799 3349 suerat
815 3287 849 3347 in
867 3285 1130 3362 Normanniam,
1148 3285 1297 3350 Romam

351 3381 455 3457 misit,
479 3389 517 3444 ut
541 3381 667 3445 ibidem
692 3385 832 3464 negotia
857 3385 1047 3465 praelocuta
1072 3385 1299 3466 perducerent

350 3480 394 3542 ad
409 3479 580 3557 effectum,
596 3488 631 3544 et
645 3481 688 3544 ad
708 3481 781 3544 haec
804 3483 945 3564 negotia
966 3482 1172 3563 perficienda
1189 3477 1299 3565 ²cepit

351 3597 412 3642 rex
427 3579 469 3641 de
487 3598 694 3662 unaquaque
709 3587 872 3644 carucata
886 3588 987 3644 terrae
1004 3600 1077 3644 snae
1094 3580 1175 3644 hida
1192 3584 1299 3646 totius

352 3675 489 3757 Angliae
505 3679 657 3760 quinquo
676 3677 806 3742 solidos
821 3677 864 3741 de
881 3678 1024 3743 auxilio.

364 3825 405 3888 Ut
422 3825 589 3901 Habentes,
608 3826 842 3889 Oootuorionsis
858 3825 1115 3910 archiepiscopos,
1132 3829 1288 3893 eucharium

587 3924 624 3986 de
640 3924 792 3987 lambio
809 3925 1061 4009 complanaverit.

186 4058 240 4098 Α».
252 4060 307 4099 1¹⁹⁰·
399 4044 502 4109 Anno
519 4047 643 4127 gratiae
665 4065 822 4111 ucxc1x.
839 4041 1052 4124 ³Hubcrtus,
1071 4046 1302 4113 Cantuarien-

383 4188 546 4262 ¹0tbonia]
581 4196 726 4259 Brompton,
759 4197 806 4247 col.
874 4194 1029 4259 ’Cepitrcm
1062 4163 1300 4260 Hovedorqub⁸

272 4312 276 4320 ,
347 4263 418 4309 lato.
821 4312 824 4321 ,
873 4262 1029 4316 'Halata
1063 4267 1239 4328 luidpaso.
