2970 5016
361 487 500 536 rannus
523 486 792 538 nrsronmnun.
983 475 1051 539 349

116 717 167 781 De
187 738 293 782 reram
314 719 550 805 depcpnhationa
570 721 607 783 in
627 717 764 783 audradi
779 728 876 803 porte
892 721 1025 807 Anatis.

148 840 293 905 Interim
320 841 527 916 willelmus,
560 860 674 905 comes
707 841 979 921 Saresbiriensis,
1013 853 1184 910 etun-¹²1⁶·

97 934 293 1003 Falcasius¹
309 960 386 1005 cum
405 939 629 1006 bellatoribus
646 941 867 1022 supradictis,
879 962 966 1025 quos
984 964 1047 1009 rex
1061 910 1190 1010 {mr-⁰¹

95 1038 187 1120 apud
204 1048 364 1103 sanctum
381 1039 556 1103 Albanum
573 1039 761 1115 dimiserat,
780 1041 1049 1121 assignaverunt

96 1137 305 1202 castellanos
338 1139 381 1202 de
411 1137 685 1214 windleshores,
718 1137 761 1201 de
793 1137 976 1217 Hartlord,
1005 1142 1048 1205 de

97 1234 401 1313 Berchamestude,
416 1256 494 1300 cum
510 1255 613 1299 manu
628 1236 745 1300 valida
766 1243 802 1300 et
820 1246 965 1312 armata.
988 1242 1048 1322 qui

96 1332 141 1396 ad
158 1336 411 1398 observandum
442 1337 612 1398 intrantes
644 1336 821 1399 civitatem
850 1336 1047 1401 Londinen·

96 1449 169 1494 sem
194 1441 230 1496 et
253 1435 469 1515 egredientes
495 1452 635 1515 operam
658 1433 782 1496 darent
804 1441 840 1497 et
863 1437 1048 1500 baronibus

97 1531 179 1594 vitre
195 1533 385 1597 subsidium
403 1531 604 1596 subtrahere
619 1531 835 1609 laborarent3
860 1552 930 1614 quo
940 1535 1047 1611 lacto,

95 1628 162 1709 ipsi
187 1649 249 1711 per
272 1632 470 1712 provincias
494 1631 537 1693 de
565 1630 689 1707 Essex,
721 1630 763 1693 de
795 1629 975 1709 Hertlord,
1005 1634 1047 1698 de

98 1726 307 1806 middlesex,
316 1730 359 1792 de
368 1722 596 1810 'Cantabrige
613 1735 648 1792 et
662 1728 704 1791 de
715 1727 955 1794 Huntenduna
969 1751 1046 1812 per·

95 1835 265 1906 vagantes
287 1828 415 1910 praedis
443 1835 479 1891 et
505 1827 636 1908 rapinis
664 1829 848 1903 vacabant,
863 1829 963 1891 villas
985 1831 1046 1892 tri-

96 1925 250 1988 butarias
276 1925 481 2003 efficiebant,
504 1926 658 1989 homines
683 1925 878 2007 capiebant,
901 1927 1047 1991 aedificia

96 2025 263 2087 baronum
280 2027 538 2101 comburebant,
556 2042 680 2106 parcos
695 2032 730 2087 et
743 2024 877 2087 vivaria
893 2024 1047 2089 destrue·

96 2121 192 2199 bant,
217 2125 372 2205 pomeria
394 2124 630 2199 succidebant,
653 2131 759 2205 atqua
776 2123 913 2186 tandem
934 2143 1043 2207 usque

95 2219 130 2283 in
157 2222 321 2285 suburbio
337 2222 607 2298 Londoniarum,
625 2222 754 2305 injecto
775 2223 866 2303 igne,
891 2224 1045 2304 praedam

96 2318 359 2400 impretiabilem
391 2322 638 2399 abduxerunt3
678 2340 823 2401 cumque
856 2323 967 2385 nuntii
999 2341 1045 2385 ex

95 2415 182 2479 locis
196 2417 339 2481 diversis
357 2421 533 2483 venientes
556 2419 630 2481 haec
652 2419 768 2481 omnia
789 2419 976 2483 baronibus
992 2440 1046 2484 re·

97 2515 263 2591 tulerunt,
286 2517 461 2581 intuentes
477 2537 515 2580 se
533 2524 654 2580 mutuo
670 2516 842 2591 dicebant,
854 2521 864 2550 ‘
876 2516 1046 2581 Dominus

94 2611 201 2688 dedit,
213 2613 383 2679 Dominus
399 2610 584 2691 'abstulit’
598 2621 634 2678 et
645 2621 781 2677 caetera.
820 2613 949 2677 Eodem
962 2622 1047 2678 tem-

95 2730 178 2792 pore
202 2713 383 2777 Falcasius
405 2717 497 2796 cepit
514 2714 736 2794 municipium
751 2711 918 2776 Willelmi
943 2712 1046 2777 Mau·

95 2808 159 2874 dut
184 2811 228 2873 de
251 2811 459 2894 Hamslape,
483 2819 608 2894 quarto
636 2810 804 2874 kalendas
831 2811 1044 2875 Decembris.

96 2907 225 2972 Eodem
247 2910 303 2974 die
325 2919 430 2993 capta
452 2919 504 2974 est
521 2910 667 2973 munitio
685 2910 728 2972 de
744 2909 973 2992 Tunehregge
988 2930 1047 2974 co·

94 3007 187 3070 mitis
217 3008 260 3072 de
291 3008 393 3073 Clare
419 3028 441 3072 a
466 3009 686 3073 Roffensibus
715 3008 924 3074 castellanis.
978 3008 1047 3073 Per

94 3104 183 3169 idem
198 3115 333 3190 tempus
351 3108 531 3172 Falcasins
554 3108 597 3171 ad
618 3108 798 3172 castellum
817 3108 859 3173 de
876 3108 1045 3172 Bedeford

94 3206 235 3268 veniens
266 3225 288 3269 a
315 3205 515 3271 custodibus
543 3207 626 3269 illud
657 3207 784 3287 exegit,
816 3209 875 3287 qui
904 3208 1046 3271 tandem

93 3311 224 3386 septem
248 3304 380 3368 dierum
406 3306 557 3388 acceptis
576 3305 735 3380 induciis,
757 3323 835 3367 cum
859 3321 881 3365 a
906 3304 1045 3369 domino

92 3420 157 3466 sno
170 3401 347 3467 Willelmo
363 3404 405 3467 do
423 3405 664 3486 Bello-campo
680 3402 771 3466 infra
787 3403 860 3465 dies
876 3421 1046 3465 memora-

131 3581 277 3634 ¹Fnlmlus
291 3601 345 3635 cem
361 3586 526 3636 bellotoeibea.
544 3582 557 3654 ]
582 3587 658 3648 going
669 3600 711 3647 on,
722 3584 874 3644 exclaimed,
884 3585 893 3611 ‘
904 3584 970 3635 Haec
985 3585 1047 3634 iacit

92 3651 169 3701 Their
180 3660 251 3704 route
268 3656 291 3704 is
307 3670 374 3704 more
391 3656 557 3717 particularly
582 3655 747 3704 charissimus
758 3655 785 3701 in
797 3652 899 3702 Christo
916 3655 983 3704 lilius
1000 3669 1047 3715 pa·

94 3722 200 3771 marked
232 3725 267 3785 by
298 3725 468 3787 Coggeshale,
495 3725 558 3773 from
582 3740 632 3785 par,
645 3724 775 3784 quisnam
787 3721 1049 3772 vasallumnmlibe-

92 3791 176 3839 whom
198 3793 218 3840 it
238 3808 347 3855 appears
368 3795 424 3842 that
446 3793 560 3856 cogges·
583 3807 639 3840 rum
661 3795 687 3841 et
702 3791 787 3840 nobile
808 3805 914 3851 regnum
932 3791 1049 3841 inaudita

93 3859 160 3920 hale,
183 3861 254 3922 Bury
276 3864 314 3912 St.
335 3862 478 3921 Edmunds,
499 3863 557 3911 Col-
582 3862 694 3909 novitate
735 3860 914 3922 subjugantem
953 3864 1047 3909 tuetur.

92 3928 201 3992 chester,
211 3932 262 3980 and
274 3932 324 3993 Ely
335 3933 426 3993 chiefly
435 3931 558 3992 auderem
585 3929 654 3978 Proh
672 3929 756 3977 dolor!
777 3930 821 3989 qui
839 3927 934 3976 mederi
953 3927 1049 3980 mundo

93 4013 119 4058 p.
133 4002 190 4048 110.
584 3999 715 4059 languenti
731 3997 845 4056 deberet,
854 4011 978 4046 venenum
994 4012 1048 4046 ma·

128 4064 318 4133 'cantaburg
336 4070 449 4129 wanting
468 4069 495 4116 in
509 4069 539 4116 C.
585 4067 675 4115 nileste
698 4068 724 4113 in
742 4066 935 4127 congregatione
953 4080 1050 4128 paupe-

127 4133 277 4202 ’Annuus
290 4139 365 4187 Paris
373 4139 448 4201 adds,
455 4137 510 4186 that
518 4136 560 4185 the
585 4150 650 4196 mm,
661 4149 725 4196 quos
737 4135 859 4183 debemus
866 4136 999 4185 ecclesiam
1007 4150 1051 4183 vo·

92 4206 193 4267 people,
203 4206 277 4255 when
289 4206 349 4268 they
356 4222 411 4257 saw
423 4206 494 4256 what
505 4221 560 4256 was
586 4219 653 4264 care,
667 4199 791 4253 effundit!
