2970 5016
340 462 407 527 222
482 535 486 544 ¹
598 476 732 523 uocum
758 475 806 522 ns
830 475 1036 523 wunnerus

182 651 303 693 etr-¹²⁰⁸·
342 653 501 718 cumque,
519 634 593 698 sive
614 634 724 717 ipsius
746 652 846 716 papae
868 631 1025 709 clericos,
1049 632 1166 716 quiin
1188 653 1298 715 regno

342 732 481 815 Angliee
509 733 645 796 sivein
677 733 950 815 quibuscumque
976 733 1077 796 terris
1102 733 1175 796 suis
1202 752 1297 815 repe-

342 833 402 896 riri
426 831 634 914 potuissent,
648 832 757 895 erutis
781 831 892 895 oculis
909 831 1119 912 naribusque
1141 832 1298 914 praecisis

344 932 494 996 Romam
518 931 719 1006 destinaret,
741 939 781 994 ut
800 930 867 993 biis
894 931 1093 1012 intersignis
1117 949 1140 992 a
1159 930 1297 993 caeteris

342 1037 485 1114 possent
503 1030 700 1093 nationibus
716 1029 841 1092 ibidem
857 1028 1028 1105 discerni3
1056 1028 1143 1112 ipsis
1155 1029 1298 1111 insuper

343 1128 514 1212 episcopis
531 1147 696 1210 expresse
716 1128 893 1210 praecepit,
915 1135 1087 1209 quatenus
1106 1146 1183 1190 cum
1202 1147 1296 1190 sum·

344 1245 401 1290 ma
423 1227 644 1290 festinatione
672 1245 694 1288 a
720 1245 784 1290 suo
811 1235 998 1307 conspectu
1028 1226 1238 1302 recederent,
1264 1228 1295 1289 si

344 1344 484 1388 suorum
499 1344 681 1406 corporum
692 1325 822 1389 vellent
836 1323 993 1388 scandali
1009 1325 1208 1389 discrimina
1222 1327 1295 1389 cvi·

343 1431 430 1487 tare.
482 1423 700 1487 Recedentes
715 1430 831 1486 antem
843 1423 997 1506 episcopi
1008 1425 1201 1501 memorati,
1216 1443 1294 1487 cum

344 1523 492 1586 fructum
517 1522 732 1604 poenibentiae
755 1522 792 1584 iu
814 1541 897 1602 rege
921 1541 992 1585 nou
1013 1521 1233 1598 invenerunt,
1258 1523 1294 1586 in

345 1620 623 1702 Quadmgesimu
635 1621 805 1702 sequenti,
814 1622 1072 1684 exsecutionem
1083 1620 1151 1683 sibi
1166 1639 1188 1684 a
1202 1640 1295 1683 sum-

343 1738 400 1783 mo
424 1719 587 1801 pontifice
606 1718 848 1782 demandatam
871 1719 1016 1802 exsequi
1038 1738 1107 1781 non
1123 1726 1293 1795 verentes,

343 1818 455 1899 prima
480 1817 535 1880 die
559 1817 668 1881 Lnnae
690 1817 725 1880 in
754 1817 917 1899 passione
938 1817 1091 1893 Domini,
1108 1837 1188 1899 quae
1213 1825 1295 1881 tunc

345 1917 492 1996 contigit
510 1916 642 1979 decimo
657 1917 818 1979 calendas
833 1916 978 1998 Aprilis,
992 1917 1056 1978 sub
1071 1916 1225 1996 generali
1242 1917 1294 1979 in-

346 2015 492 2078 terdicto
516 2021 625 2077 totam
643 2012 807 2096 Angliam
830 2015 1062 2093 incluserunt3
1086 2015 1191 2096 quod,
1206 2016 1296 2078 sicut

345 2113 381 2175 in
406 2111 605 2175 authentico
629 2112 759 2176 domini
787 2131 887 2195 papae
912 2132 1114 2196 expressum
1137 2113 1295 2189 babetur,

345 2229 415 2273 non
431 2210 649 2272 obstantibus
665 2211 868 2293 privilegiis,
885 2213 928 2276 ab
940 2212 1098 2276 omnibns
1114 2220 1168 2275 est
1183 2213 1295 2275 invio-

343 2307 494 2372 labiliter
505 2309 737 2375 observatum.
789 2310 1023 2375 cessaverunt
1038 2311 1157 2392 itaque
1173 2311 1208 2373 in
1220 2309 1295 2375 An-

345 2405 417 2488 glia
439 2407 555 2470 omnia
576 2407 812 2473 ecclesiastica
834 2417 1063 2484 sacramenta,
1086 2417 1214 2491 praeter
1239 2429 1296 2472 so·

345 2504 520 2570 lummodo
539 2506 788 2571 consessionem
812 2515 847 2570 et
866 2509 1027 2572 viaticum
1043 2507 1080 2571 in
1095 2507 1218 2572 ultima
1234 2527 1295 2571 ne·

344 2605 518 2681 cessitate,
541 2611 577 2668 et
590 2606 763 2688 baptisma
777 2606 1023 2689 parvulorum
1047 2625 1192 2687 corpora
1209 2626 1296 2688 quo·

344 2723 411 2784 que
439 2702 679 2767 defunctorum
706 2704 749 2767 de
778 2705 979 2769 civitatibus
1006 2713 1041 2768 et
1060 2704 1153 2767 villis
1176 2703 1295 2768 effere-

344 2802 472 2866 bantur
491 2810 526 2865 et
542 2822 637 2866 more
657 2820 781 2866 cauum
802 2805 838 2866 in
863 2804 965 2867 biviis
987 2811 1023 2866 et
1041 2800 1181 2866 fossatis
1202 2797 1293 2866 ¹sine

343 2901 558 2964 orationibus
578 2909 613 2963 et
629 2902 847 2966 sacerdotum
867 2901 1058 2964 ministerio
1082 2901 1296 2983 sepelieban-

345 3006 412 3061 tur.
450 2997 543 3075 Quid
568 2998 693 3079 plura?
732 3000 965 3064 Recesserunt
984 3000 1133 3063 latenter
1154 3002 1199 3063 ab
1219 2999 1294 3064 An·

344 3096 417 3176 glia
443 3095 639 3160 Willelmns
671 3097 911 3175 Londinensis,
940 3099 1149 3162 Eustachius
1178 3099 1295 3163 Elicu-

343 3194 405 3270 sis,
429 3193 608 3274 Malgerus
633 3197 898 3278 wigorniensis,
921 3197 1100 3261 Jocelinus
1128 3197 1295 3261 Batboni-

344 3293 448 3368 ensis,
473 3300 508 3356 et
526 3293 670 3374 Egidius
695 3294 961 3360 Heresordeusis
984 3296 1149 3377 episcopi,
1166 3289 1294 3359 ’satius

344 3392 552 3455 arbitrantes
581 3394 754 3456 saevitiam
779 3395 941 3458 commoti
965 3394 1058 3475 regis
1085 3393 1128 3456 ad
1158 3401 1294 3477 tempus

342 3489 528 3567 declinare,
561 3511 666 3572 quam
692 3493 728 3555 in
758 3500 850 3556 terra
873 3491 1057 3556 interdicta
1082 3493 1158 3555 sine
1181 3493 1294 3557 fructu

343 3589 501 3653 residere.

388 3785 464 3837 ’δίκε
485 3823 516 3839 ..
535 3824 542 3839 .
559 3792 709 3840 sacerdotum
725 3792 809 3841 minir-
835 3792 920 3841 Duns.
932 3787 980 3841 er!
1003 3791 1124 3854 Liogaffl,
1134 3792 1172 3841 iii.
1185 3796 1297 3853 21,rrete.

343 3856 426 3920 teria]
447 3859 580 3907 ‘Sermone
597 3875 664 3908 were
681 3862 806 3923 preecbed
870 3857 977 3910 'Satius
1002 3861 1151 3910 arbitrantes
1176 3861 1297 3910 mun

342 3939 375 3972 on
396 3927 514 3988 sundays
531 3929 558 3976 in
575 3929 617 3977 tbe
633 3929 808 3990 cburcbyerd;
833 3930 944 3977 commoti
962 3926 1060 3997 regia]
1078 3931 1214 3980 ‘Sanctius
1231 3932 1298 3979 arbi·

343 3997 481 4058 marriages
503 3998 554 4046 and
577 3997 729 4059 churcbings
748 3999 806 4047 took
834 4003 929 4048 buum
946 4000 1070 4047 saevitiam
1088 4001 1298 4049 excommunicati

342 4063 416 4123 place
428 4066 453 4113 in
465 4065 506 4114 the
519 4067 596 4128 perch
608 4067 637 4114 of
645 4066 687 4114 the
696 4067 808 4127 cburcb;
834 4068 901 4128 regis
908 4063 926 4128 ς’
945 4069 975 4116 C.
