2970 5016
435 461 480 526 92
691 473 826 522 nocnnr
851 472 898 519 un
922 470 1136 520 wnanovnn·

276 650 398 691 soum.
438 651 610 697 armorum
632 630 759 695 fiducia
780 636 947 712 exsurget
968 629 1078 704 Deus,
1103 635 1139 691 et
1156 627 1286 692 inimici
1312 629 1396 712 ejus

439 730 711 814 dissipabuntur,
734 736 770 792 et
795 729 930 809 fugient
952 746 975 791 a
1000 726 1089 790 facie
1111 726 1199 809 ejus,
1221 726 1281 809 qui
1306 729 1389 791 ode·

440 837 521 894 runt
542 848 632 892 eum.
679 828 756 892 Nos
780 834 895 891 autem
920 827 956 890 in
982 825 1065 901 illis,
1089 825 1148 907 qui
1172 845 1236 908 pro
1263 824 1389 890 divini-

441 929 524 992 tatis
543 946 659 992 amore
677 926 781 1009 hujus
806 924 1094 1008 peregrinationis
1115 923 1268 987 laborem
1292 942 1389 988 assu·

441 1046 544 1102 mere,
564 1035 611 1102 et,
634 1026 858 1107 inquantum
881 1023 917 1087 in
944 1042 982 1086 se
1008 1022 1123 1098 suerit,
1146 1021 1288 1105 implere
1315 1029 1390 1087 stu·

441 1124 589 1200 (luerim,
617 1123 659 1187 de
684 1122 819 1187 indulto
845 1122 945 1186 nobis
970 1140 993 1185 a
1021 1120 1172 1185 Domino
1199 1122 1390 1186 auctorita-

441 1224 486 1287 tis
508 1222 619 1287 officio
644 1221 740 1286 illam
763 1220 995 1285 remissionem
1020 1219 1191 1302 impositae
1218 1220 1390 1301 poeniten-

441 1323 499 1385 tiae
525 1341 587 1404 per
612 1319 825 1385 sacerdotale
848 1318 1075 1383 ministerium
1101 1317 1258 1393 facimus,
1283 1338 1389 1400 quam

439 1419 709 1503 praedecessores
730 1417 841 1482 nostri
868 1417 940 1481 suis
964 1424 1155 1481 noscuntur
1177 1417 1389 1499 temporibus

439 1519 615 1595 statuisse,
635 1525 687 1595 ut,
704 1516 875 1592 videlicet,
897 1515 957 1598 qui
979 1515 1081 1579 corde
1105 1515 1254 1579 contrito
1274 1523 1311 1580 et
1327 1516 1391 1579 bu·

439 1617 572 1682 miliato
592 1616 717 1700 spiritu
736 1615 894 1680 laborem,
905 1614 1010 1697 hujus
1029 1613 1315 1697 peregrinationis
1332 1634 1397 1679 as·-

440 1716 661 1799 sumpserint,
684 1714 778 1778 etin
806 1712 1046 1796 poenitentiam
1073 1721 1293 1795 peccatorum
1323 1713 1389 1777 boc

439 1814 506 1878 iter
535 1813 761 1896 expedierint,
787 1812 880 1875 siin
908 1810 975 1874 fide
1000 1811 1220 1887 decesserint,
1249 1811 1388 1894 plenam

440 1932 578 1977 suorum
597 1912 776 1976 criminum
800 1909 1051 1991 indulgentiam
1075 1917 1111 1974 et
1133 1909 1243 1975 vitam
1268 1929 1389 1975 conse·

440 2018 589 2093 quantur
619 2017 796 2074 aeternam.
853 2010 953 2073 Bona
983 2027 1122 2091 quoque
1148 2008 1315 2091 ipsorum,
1342 2030 1393 2076 ex

440 2129 509 2191 quo
527 2127 661 2173 crucem
680 2108 888 2191 acceperint,
899 2126 977 2171 cum
993 2106 1134 2171 familiis
1151 2107 1223 2170 suis
1234 2107 1388 2173 subRo·

440 2226 551 2270 manee
568 2206 722 2271 ecclesiae
741 2226 873 2271 necnon
888 2214 925 2271 et
941 2205 1277 2288 archiepiscoporum
1299 2207 1388 2272 alio·

439 2324 582 2386 rumque
602 2304 755 2369 ecclesiae
773 2304 996 2387 praelatorum
1019 2305 1233 2388 protectione
1255 2306 1389 2370 consis-

439 2411 535 2483 tant;
562 2411 599 2468 et
622 2404 752 2467 nullam
771 2403 814 2467 de
834 2403 912 2480 biis,
928 2422 1007 2487 quae
1023 2403 1059 2466 in
1076 2403 1294 2486 susceptione
1309 2424 1389 2468 crn-

439 2503 488 2565 cis
513 2502 628 2585 quiete
650 2502 889 2585 possederunt,
908 2501 1016 2566 donec
1035 2500 1078 2564 de
1098 2503 1251 2585 ipsorum
1274 2502 1388 2567 reditu

439 2600 495 2664 vel
506 2601 603 2665 obitu
614 2601 804 2665 certissime
813 2607 1054 2682 cognoscatur,
1066 2600 1260 2665 sustineant
1273 2621 1388 2683 quaes·

440 2699 581 2776 tionem,
614 2700 676 2763 sed
711 2701 803 2764 bona
831 2699 985 2780 ipsorum
1013 2699 1150 2780 integra
1185 2708 1388 2765 remaneant

438 2797 575 2861 interim
603 2806 637 2862 et
662 2799 802 2881 quieta;
826 2798 878 2861 illi
903 2806 1031 2872 autem,
1053 2797 1172 2880 quiin
1193 2798 1385 2864 subsidium

440 2904 541 2959 terrae
558 2895 651 2960 illius
675 2896 719 2960 de
740 2897 840 2960 bonis
864 2896 936 2959 suis
955 2895 1037 2959 illuc
1055 2895 1320 2974 transmiserint,
1342 2896 1385 2960 de

439 2995 590 3074 peccatis
607 2995 679 3057 suis
695 2994 831 3057 veniam
846 3002 1101 3077 consequentur
1111 2994 1219 3076 juxta
1234 3013 1299 3057 sua
1312 3015 1386 3058 mo·

438 3091 615 3155 deramina
642 3091 877 3174 praelatorum.
928 3091 1059 3156 Verum
1094 3093 1167 3168 tibi,
1192 3092 1300 3156 srater
1331 3113 1386 3158 ar·

438 3187 666 3271 chlepiscope,
694 3190 807 3253 oneris
832 3189 936 3274 hujus
967 3189 1118 3254 laborem
1146 3190 1308 3254 duximus
1333 3194 1390 3255 iu·-

434 3286 663 3368 jungendum,
691 3288 894 3352 mandantes
919 3295 960 3352 ut
988 3288 1080 3371 apud
1107 3290 1322 3353 carissimum
1349 3292 1385 3354 in

440 3384 578 3452 Christo
603 3385 711 3450 filium
737 3394 893 3450 nostrum
920 3387 1089 3451 illustrem
1113 3386 1309 3470 Anglorum
1334 3409 1385 3452 re·

438 3503 528 3564 gem,
545 3485 604 3566 qui
624 3492 751 3549 terram
772 3493 928 3549 sanctam
949 3486 1013 3548 sub
1031 3486 1142 3552 trium,
1153 3487 1278 3554 statuit
1292 3494 1384 3554 treu-

437 3583 491 3661 gis
524 3602 705 3660 annornm,
739 3591 779 3647 ut
812 3583 855 3647 ad
889 3583 1122 3648 defensionem
1154 3592 1256 3648 terrae
1292 3585 1386 3649 illius

438 3681 563 3745 milites
596 3689 630 3745 et
658 3681 792 3763 pedites
821 3683 908 3746 bene
936 3683 1123 3747 instructos
1150 3684 1385 3765 transmittat3

438 3779 652 3862 assiduisque
668 3780 964 3845 exhortationibus
981 3781 1149 3858 elabores,
1171 3781 1385 3863 provinciam

437 3877 638 3941 circumiens
662 3877 903 3960 Anglicanam,
929 3881 1132 3962 opportunis
1158 3887 1194 3944 et
1219 3880 1387 3962 importu-

439 3976 492 4037 nis
525 3977 825 4059 praedicationibus
863 3977 984 4056 iustes,
1013 3987 1053 4042 ut
1089 3998 1152 4062 pro
1185 3977 1385 4044 defensione

438 4072 721 4151 Christianitatis,
751 4084 929 4159 assumpto
954 4077 1066 4141 crucis
1095 4077 1288 4160 signaculo,
1314 4086 1385 4145 ter.-

438 4190 509 4234 ram
528 4173 669 4238 visitent
686 4176 977 4240 transmarinam!
