2970 5016
399 434 463 497 136
646 447 780 494 aocnnr
805 447 852 493 nn
876 444 1083 493 wuunovna

239 617 361 706 wgo.
401 603 448 666 ris
472 610 506 666 et
535 603 714 683 sanguinis
744 601 884 666 Domini
908 601 1147 664 communione
1172 597 1350 672 munivit;

241 678 333 756 1³de
343 716 361 755 1·
400 710 434 764 et
452 702 546 764 necis
561 721 633 764 suae
654 701 800 776 auctori,
815 699 921 763 Petro
938 699 1081 775 scilicet,
1096 699 1155 781 qui
1173 717 1251 761 eum
1269 714 1349 776 per·

401 806 568 877 cusserat,
592 807 736 863 mortem
768 817 865 862 suam
892 797 1103 879 condonavit
1127 804 1233 878 atque
1262 793 1349 856 libe-

402 905 514 961 ratum
540 917 561 960 a
582 898 730 962 vinculis
754 898 849 960 abire
878 897 1054 978 praecepit.
1108 894 1245 977 Corpus
1266 912 1350 955 vero

400 1015 500 1059 suum
527 997 617 1077 apud
640 995 958 1058 Fontem-Ebraudi
982 1013 1082 1057 secus
1106 993 1211 1076 pedes
1237 991 1349 1073 patris

400 1094 466 1169 sni,
491 1093 590 1176 cujus
617 1093 825 1177 proditorem
850 1112 887 1156 sc
913 1093 1110 1168 confitetur,
1133 1090 1271 1174 sepeliri
1289 1090 1348 1172 ju-

402 1193 485 1255 bens
516 1192 669 1255 ecclesiae
691 1190 964 1272 Rothomagensi
997 1189 1267 1272 inexpugnabile
1290 1207 1350 1251 oor

401 1310 500 1353 suum
533 1291 691 1372 legavit;
724 1291 843 1371 sicque
871 1290 963 1372 apud
989 1297 1138 1353 castrum
1165 1287 1349 1371 praefatum

401 1389 534 1452 viscera
556 1390 677 1451 suain
698 1389 844 1452 ecclesia
870 1386 1007 1451 recondi
1032 1388 1250 1470 praecipiens,
1272 1385 1348 1448 haec

400 1506 464 1568 pro
495 1506 635 1550 munere
664 1486 928 1551 Pictavensibus
957 1487 1140 1550 concessit.
1215 1484 1347 1563 Quare,

399 1585 518 1667 igitur,
536 1585 578 1648 de
595 1605 738 1668 corpore
759 1604 822 1648 suo
848 1584 953 1647 talem
975 1584 1047 1647 fieri
1071 1584 1347 1648 distributionem

399 1683 599 1761 decreverit,
627 1684 832 1766 quibusdam
855 1676 1178 1746 familiaribus'snis
1209 1683 1275 1746 sub
1301 1683 1348 1745 si·

399 1783 483 1864 gillo
503 1782 626 1845 secreti
648 1781 837 1860 revelavit3
869 1782 961 1862 patri
978 1782 1068 1844 enim
1094 1800 1221 1864 corpus
1246 1799 1348 1843 suum

398 1882 532 1945 ratione
554 1880 720 1963 praedicta
751 1881 968 1961 assignavit3
994 1878 1348 1961 Rothomagcnsibus,

398 1987 539 2062 propter
559 1979 862 2061 incomparabilem
883 1977 1085 2042 fidelitatem
1105 1998 1210 2060 qnam
1239 1978 1273 2041 in
1297 1979 1347 2041 eis

397 2084 562 2157 expertus
590 2077 715 2153 suerat,
740 2096 799 2140 cor
823 2096 924 2139 suum
945 2096 1009 2159 pro
1031 2078 1156 2141 exenio
1182 2077 1346 2139 transmi-

397 2175 468 2251 sit;
499 2174 763 2237 Pictaveusibus
786 2193 936 2256 quoque,
956 2183 1097 2257 propter
1117 2183 1234 2239 notam
1264 2194 1344 2257 pro·

396 2272 549 2350 ditionis,
571 2282 724 2337 stercora
741 2291 805 2334 sua
827 2271 979 2353 reliquit,
995 2293 1082 2355 quos
1109 2294 1177 2337 non
1198 2274 1269 2337 alia
1290 2274 1344 2335 sui

396 2371 550 2452 corporis
577 2372 735 2452 portione
761 2369 885 2450 dignos
906 2370 1104 2453 judicavit;
1135 2379 1171 2436 et
1196 2371 1250 2434 bis
1274 2372 1347 2434 dic-

396 2470 453 2546 tis,
468 2478 602 2533 tumore
616 2469 659 2532 ad
673 2489 733 2532 cor
747 2469 822 2551 ejus
838 2469 953 2532 subito
969 2471 1202 2551 perveniente,
1216 2478 1344 2535 octavo

396 2568 473 2632 idus
492 2566 637 2650 Aprilis,
654 2567 709 2631 die
732 2566 870 2642 Martis,
892 2560 962 2630 ¹vir
984 2568 1115 2633 Martio
1133 2569 1229 2650 operi
1249 2567 1345 2631 dedi-

395 2672 453 2729 tus
472 2666 562 2749 apud
582 2674 733 2731 castrum
750 2664 951 2748 praedictum
971 2667 1130 2748 spiritum
1151 2666 1345 2743 exhalavit,

395 2773 578 2847 postquam
611 2771 817 2847 regnaverat
848 2764 948 2827 annis
978 2784 1101 2829 novem
1126 2774 1162 2829 et
1187 2764 1343 2829 dimidio.

394 2861 557 2944 Sepultus
577 2872 630 2927 est
647 2871 764 2928 autem
791 2863 882 2944 apud
903 2861 1231 2940 Fontem-Ebraudi,
1251 2864 1343 2928 sicut

393 2962 468 3040 ipsc
490 2961 602 3024 adhuc
625 2962 745 3025 vivens
770 2960 1003 3037 ordinaverat,
1032 2981 1109 3025 cum
1134 2982 1205 3044 quo
1235 2962 1340 3024 etiam

394 3057 577 3120 multorum
595 3057 728 3140 judicio
753 3057 936 3139 Hesperiae
960 3058 1064 3123 decus
1087 3067 1123 3123 et
1143 3059 1253 3123 honor
1276 3060 1341 3122 mi-

392 3152 476 3216 litiae
506 3156 635 3235 pariter
657 3150 811 3237 ²sepulta
836 3165 942 3235 suut;
966 3157 1009 3220 de
1031 3158 1130 3240 cujus
1157 3168 1268 3221 morte
1293 3159 1342 3221 si·

392 3252 463 3313 mul
489 3261 523 3315 et
556 3253 736 3335 sepultura
760 3252 901 3336 quidam
933 3256 1147 3338 epitaphium
1171 3257 1278 3320 edidit
1304 3258 1341 3320 in

391 3349 483 3414 hunc
500 3353 651 3428 modum,

451 3468 595 3525 ‘Pictavis
609 3477 674 3526 exta
686 3469 765 3526 ducis
787 3504 794 3519 ·
814 3471 914 3547 sepelit
927 3471 1067 3546 tellusque
1082 3470 1225 3539 Chalucis,

471 3563 582 3640 Corpus
595 3564 643 3621 dat
656 3564 748 3621 claudi
770 3599 778 3615 ι
796 3567 848 3623 sub
862 3585 1002 3623 marmore
1016 3565 1266 3634 Fontis-Ebraudi,

471 3658 605 3717 Neustria
618 3669 705 3736 tuque
719 3661 790 3736 tegis
812 3694 819 3708 ·
840 3680 888 3718 cor
902 3661 1117 3737 inexpugnabile
1131 3663 1222 3737 regim

472 3755 519 3812 Sic
533 3756 594 3812 loca
608 3775 657 3832 per
671 3757 745 3813 trina
767 3789 774 3803 ·
792 3775 823 3812 se
837 3757 939 3832 sparsit
951 3766 1028 3812 tanta
1042 3757 1132 3823 ruina,

469 3850 530 3907 Nec
543 3851 598 3908 fuit
611 3851 666 3908 hoc
679 3851 764 3907 funus
787 3883 794 3898 ·
814 3853 859 3908 cui
873 3851 1015 3908 sufficeret
1023 3852 1102 3909 locus
1117 3850 1208 3909 unus!

627 3961 770 4045 Explicit
786 3962 823 4024 de
840 3984 905 4046 rope
921 3963 1091 4026 Richardo.

421 4148 486 4198 'v'rr
507 4151 599 4198 Martio
620 4152 685 4213 opuri
709 4151 841 4214 deditum]
904 4149 1025 4214 'Srprrltn
1043 4147 1123 4219 aaut]
1144 4150 1342 4213 ‘Srpultnest'

384 4219 483 4280 Diceto,
494 4219 542 4268 col.
554 4223 610 4269 705.
870 4222 894 4268 in
908 4221 965 4270 MS.
