2970 5016
459 491 599 539 nunnus
623 491 893 541 nrsrorunnou.
1083 476 1150 540 315

200 645 243 708 ad
280 646 510 723 vendendum,
542 646 700 728 quamvis
733 647 814 710 inde
848 647 981 723 vivant,
1017 646 1217 709 nullumnn
1230 667 1286 706 ms.

199 743 243 807 de
268 751 395 807 cetero
423 745 506 809 dent
532 745 797 827 cheminagium
849 746 905 809 De
927 745 1042 808 boscis
1064 745 1150 808 alio-
1161 715 1274 804 i>i⁸s¹i⁸a⁶

201 862 275 904 rum
300 843 432 906 nullum
458 842 559 907 detur
582 845 836 925 chemiuagium
860 844 1051 908 forestariis
1072 864 1152 908 nos·

201 942 275 1017 tris,
309 950 540 1023 praeterquam
579 942 621 1006 de
651 943 830 1007 dominicis
862 943 975 1007 boscis
1011 943 1150 1009 nostris.

202 1039 331 1103 Omnes
366 1041 516 1122 utlagati
552 1061 614 1123 pro
646 1041 788 1118 foresta,
821 1060 843 1104 a
874 1050 1028 1123 tempore
1058 1043 1150 1123 regis

203 1137 348 1203 Henrici
377 1140 435 1203 avi
463 1141 573 1203 nostri
599 1159 709 1221 usque
738 1139 782 1204 ad
811 1140 954 1223 primam
980 1141 1150 1204 coronati·

202 1257 302 1300 onem
331 1248 496 1316 nostram,
525 1240 667 1302 veniunt
690 1239 735 1302 ad
760 1259 881 1321 pacem
906 1239 981 1303 sine
1009 1238 1153 1321 impedi-

201 1342 328 1413 mento,
352 1344 387 1400 et
406 1338 524 1401 salvos
548 1338 681 1420 plegios
702 1338 893 1413 inveniant,
912 1338 1004 1420 quod
1025 1338 1067 1401 dc
1085 1357 1152 1402 cae-

202 1442 275 1497 tero
313 1455 381 1499 non
413 1437 625 1500 forisfacient
654 1436 753 1500 nobis
787 1435 829 1500 de
861 1437 990 1500 foresta
1020 1443 1149 1500 nostra.

203 1532 331 1597 Nullus
355 1536 566 1599 castellanus
591 1535 646 1598 vel
672 1536 761 1599 alius
782 1543 899 1598 teneat
918 1534 1083 1617 placitum
1107 1536 1151 1599 da

201 1631 342 1709 foresta,
372 1636 446 1698 sive
478 1635 521 1698 de
555 1634 656 1698 viridi
689 1635 762 1698 sive
793 1634 836 1696 de
867 1634 1061 1710 venatione,
1089 1635 1150 1697 sed

200 1732 344 1812 quilibet
361 1732 563 1798 forestarius
585 1733 628 1797 de
649 1734 749 1797 feodo
770 1733 938 1798 attacbiet
955 1732 1084 1815 placita
1106 1733 1150 1797 de

201 1830 343 1910 foresta,
376 1840 446 1896 tam
479 1833 522 1896 de
554 1833 653 1896 viridi
682 1852 786 1914 quam
815 1832 858 1897 de
891 1832 1086 1907 venatione,
1115 1840 1151 1895 et

200 1947 242 1992 ea
270 1938 459 2013 praesentet
488 1932 660 1996 viridariis
682 1932 961 2016 provinciarum3
996 1938 1043 2007 et,
1068 1949 1149 1994 cum

200 2028 392 2095 irrotulata
428 2031 556 2096 luerint
586 2038 622 2095 et
657 2031 722 2094 snb
756 2030 879 2112 sigillis
911 2029 1149 2093 viridariorum

201 2126 347 2206 inclusa,
370 2138 623 2212 praesententur
647 2129 789 2212 capitali
810 2130 993 2193 forestario
1014 2148 1092 2191 cum
1114 2129 1149 2192 in

199 2235 316 2307 partes
337 2228 415 2291 illas
437 2231 570 2293 venerit
590 2230 633 2293 ad
658 2228 842 2293 tenendum
863 2229 993 2313 placita
1010 2228 1149 2291 forestae

200 2333 236 2389 et
263 2345 378 2390 coram
409 2347 450 2391 eo
479 2329 715 2392 terminentur.
768 2328 897 2392 Omnes
925 2335 1041 2391 autem
1065 2345 1148 2389 con·

200 2426 399 2489 suetudines
417 2427 602 2509 praedictas
624 2436 660 2490 et
676 2428 866 2502 libertates,
882 2445 969 2507 quas
987 2444 1050 2487 nos
1065 2444 1147 2487 con·

199 2526 364 2589 cessimus
382 2526 418 2589 in
435 2545 542 2608 regno
560 2525 726 2591 tenendas
746 2532 915 2605 quantum
931 2523 975 2587 ad
992 2542 1054 2585 nos
1071 2541 1149 2604 per-

197 2624 285 2687 tinet
307 2643 392 2705 erga
412 2634 562 2702 nostros,
579 2643 698 2688 omnes
721 2623 765 2687 de
790 2642 898 2703 regno
920 2628 1051 2697 nostro,
1075 2628 1146 2685 tarn

195 2723 274 2786 laici
290 2743 392 2804 quam
415 2724 543 2801 clerici,
561 2726 745 2788 observent
760 2729 928 2806 quantum
951 2720 994 2784 ad
1012 2739 1050 2783 se
1070 2739 1147 2801 per-

194 2822 283 2885 tinet
296 2841 381 2904 erga
401 2821 505 2887 snos?

254 2996 303 3059 De
319 2996 433 3081 aipinti
446 2996 579 3082 quinque
592 2994 769 3074 baronibus,
783 2995 839 3081 qui
855 2994 1011 3059 obrutilat-i
1024 3002 1096 3058 aunt

323 3117 345 3159 a
362 3117 429 3181 rapa
442 3096 646 3160 mandatores
662 3096 761 3180 lepram
769 3093 1008 3179 predictorum.

245 3218 355 3282 ‘Cum
383 3227 500 3282 autem
529 3239 592 3301 pro
617 3220 707 3296 Dec,
734 3227 769 3282 et
797 3217 841 3281 ad
872 3218 1225 3282 emendationemrm
1198 3234 1300 3284 enta-ssve

194 3320 292 3400 regni
309 3317 431 3395 nostri,
451 3319 545 3382 etad
570 3319 692 3382 melius
714 3318 915 3400 sopiendam
939 3316 1145 3380 discordiam
1160 3335 1209 3383 rou
1160 3286 1279 3373 buiiiiii

194 3418 367 3481 internos
394 3423 430 3481 et
454 3419 602 3481 barones
626 3425 763 3480 nostros
788 3424 913 3492 ortam,
938 3414 1012 3478 haec
1030 3415 1146 3478 omnia
1159 3390 1264 3522 Ξὴιξηυῖω

194 3517 477 3593 concesserimus,
493 3517 649 3581 volentes
665 3536 707 3580 ea
724 3517 860 3596 integra
876 3521 911 3578 et
926 3515 1024 3576 firma
1040 3514 1145 3576 stabi-

195 3614 293 3678 litate
310 3615 473 3696 gaudere,
495 3616 639 3679 facimus
657 3624 692 3679 ct
710 3613 929 3679 concedimus
952 3611 1001 3675 eis
1019 3612 1146 3676 securi·

195 3720 301 3777 tatem
329 3715 573 3797 subscriptam,
596 3714 768 3791 videlicet,
794 3712 887 3795 quod
915 3713 1062 3774 barones
1085 3710 1146 3774 eli-

193 3820 280 3894 gant
307 3814 433 3894 viginti
461 3815 613 3896 quinque
640 3815 786 3877 barones
811 3811 854 3875 de
881 3829 989 3892 regno
1013 3816 1144 3885 nostro,

194 3931 282 3994 quos
302 3913 487 3989 voluerint,
509 3913 569 3995 qui
587 3914 734 3976 debeant
750 3931 812 3995 pro
827 3910 910 3975 tntis
928 3909 1057 3973 viribus
1072 3909 1145 3971 suis

193 4013 391 4088 observare,
415 4019 531 4075 tenere
558 4019 594 4075 et
615 4012 729 4075 lacere
754 4009 932 4075 observari
962 4027 1080 4091 pacem
1110 4014 1146 4070 et

190 4110 383 4187 libertates,
399 4131 486 4192 quas
509 4111 559 4174 eis
581 4111 813 4174 concessimus
836 4116 872 4172 et
893 4109 959 4172 hac
982 4106 1145 4190 praesenti

192 4210 315 4274 charta
331 4218 451 4274 nostra
465 4210 756 4285 confirmavimus,
774 4209 824 4273 ita
842 4208 987 4283 scilicet,
1005 4205 1146 4290 quodsi
