2970 5016
344 442 410 510 lol
601 460 734 508 nocem
758 461 805 507 ns
829 458 1035 506 u‘usnovaa

183 636 308 677 mutt-
346 631 443 686 reatu
469 642 534 686 sno
559 620 760 704 poenitendo
780 619 836 684 vel
863 618 1010 682 aliorum
1031 615 1204 691 remediis,
1226 634 1294 678 me-

183 686 498 785 &manumissent
521 722 558 784 in
580 719 640 783 illo
664 718 794 802 poenali
817 717 922 781 exilio
939 716 983 780 ad
1006 716 1200 798 ingressum
1226 733 1294 777 cae·
1363 742 1367 749 ·

185 785 300 825 mm
346 820 444 885 lestis
468 820 591 904 patriae
615 819 827 901 praepamri3
852 816 1004 880 universi
1018 817 1136 898 itaque
1153 812 1199 877 ihi
1213 832 1294 876 con·

346 920 460 984 stituti
477 917 697 1000 capessenda
713 916 837 980 salutis
861 913 1048 997 aliquando
1069 932 1166 997 spem
1190 911 1296 974 habe·

346 1019 444 1082 bant.
497 1015 676 1094 Quosdam
703 1034 785 1079 vero
807 1016 970 1095 graviora
991 1013 1172 1076 cernebam
1195 1030 1298 1092 aequo

348 1117 464 1180 animo
483 1115 634 1197 perferre
650 1113 833 1196 supplicia,
850 1121 896 1187 et,
913 1113 1012 1194 quasi
1028 1111 1071 1175 de
1087 1108 1297 1175 conscientia

348 1215 415 1278 sibi
442 1213 603 1296 repositae
636 1212 815 1288 mercedis,
846 1210 1017 1276 horrenda
1041 1230 1119 1292 quae
1148 1209 1296 1291 perfere-

349 1314 435 1376 bant
461 1319 633 1377 tormenta
655 1310 746 1376 levia
768 1320 941 1393 reputare.
993 1308 1190 1372 Nonnullos
1214 1327 1298 1371 con·

350 1413 535 1494 spiciebam
559 1411 601 1474 de
627 1410 716 1486 loco,
732 1430 801 1493 quo
821 1411 1083 1490 torquebantur,
1103 1407 1218 1470 subito
1234 1425 1297 1469 ex·

350 1511 444 1575 silire
460 1518 496 1574 et
510 1511 602 1573 viam
617 1509 661 1573 ad
681 1509 847 1572 ulteriora
870 1508 1067 1572 tendentem
1088 1507 1185 1570 ocius
1202 1504 1299 1568 sesti·

351 1609 467 1673 nando
498 1628 652 1691 carpere,
684 1627 771 1691 quos
801 1614 943 1689 repente
973 1604 1222 1688 emergen[te]s
1254 1605 1299 1667 ab

350 1708 441 1785 imis,
461 1707 599 1771 flamma
618 1707 788 1771 dirissime
807 1705 1052 1787 conflagratos,
1073 1724 1152 1768 curn
1171 1702 1297 1767 triden-

351 1809 445 1871 tibus
470 1815 506 1870 et
532 1806 652 1888 flagris
673 1813 709 1869 et
733 1812 905 1888 apparatu
927 1805 1025 1868 vario
1049 1810 1299 1868 tormentorum

351 1899 586 1971 accurrentes¹
610 1905 724 1969 denuo
747 1912 895 1968 tortores
922 1904 1036 1985 poenis
1057 1902 1298 1978 restituebant,

351 2005 387 2067 in
407 2024 466 2068 eos
483 2005 654 2067 saevitiam
671 2024 807 2067 omnem
829 2005 953 2066 iterum
973 2002 1151 2081 exacturi3
1174 2000 1299 2064 nihilo·

352 2104 466 2166 minus
487 2103 537 2165 sic
559 2103 651 2177 caesi,
674 2102 724 2165 sic
747 2103 828 2178 usti,
853 2109 889 2165 et
907 2101 1070 2165 caedendo
1094 2098 1301 2183 praecordia-

352 2201 432 2264 liter
460 2201 635 2282 discerpti,
660 2200 774 2264 denuo
806 2201 1005 2277 evadentes,
1033 2199 1136 2263 simili
1165 2218 1302 2279 semper

352 2299 549 2363 conditione
574 2299 719 2362 ulterius
738 2299 926 2364 tendebant
948 2299 992 2362 de
1016 2299 1230 2380 gravismmis
1256 2297 1300 2360 ad

352 2397 547 2461 tolerabilia
570 2398 704 2480 jugiter
732 2399 982 2478 succedentes3
1014 2397 1219 2481 quibusdam
1242 2416 1301 2459 ve-

352 2516 392 2560 ro
417 2496 459 2561 de
486 2497 710 2561 atrocissimis
737 2497 780 2560 ad
804 2497 997 2561 crudeliora
1023 2517 1091 2561 nou
1124 2495 1300 2579 prosectis,

353 2596 557 2660 miserabilis
582 2597 737 2660 restabat
751 2596 927 2676 defectus3
950 2594 1077 2677 singuli
1103 2595 1302 2658 tractaban-

352 2701 410 2759 tur
440 2694 576 2778 quidem
603 2695 791 2758 secundum
816 2695 872 2757 vel
897 2695 989 2776 quod
1014 2693 1169 2776 pristinis
1196 2694 1302 2776 juva·

354 2793 481 2858 bantur
503 2794 559 2857 vel
580 2794 855 2875 impediebantur
876 2794 1019 2868 meritis,
1049 2792 1103 2856 vel
1134 2793 1302 2856 honorum

354 2911 496 2975 operum
534 2891 709 2956 beneficiis
748 2893 947 2957 amicorum.
1001 2891 1152 2954 Infinitae
1190 2900 1301 2967 erant,

354 3009 442 3071 quas
456 2990 539 3066 vidi,
554 2990 686 3071 species
703 3010 909 3073 poenarum;
933 2990 968 3054 bi
991 2991 1035 3054 ad
1057 2992 1171 3072 ignem
1195 2998 1302 3054 torre·

353 3088 491 3164 bantur,
516 3086 550 3150 bi
575 3089 611 3150 in
636 3091 812 3171 sartagine
830 3090 1057 3172 frigebantur,
1081 3090 1144 3153 hos
1166 3108 1301 3171 ungues

353 3185 448 3267 ignei
463 3185 505 3248 ad
524 3205 604 3248 ossa
625 3205 734 3269 usque
756 3195 792 3251 et
814 3208 1018 3271 compagum
1041 3189 1302 3253 dissolutionem

354 3283 506 3347 radendo
534 3285 728 3363 sulcabant,
755 3286 817 3350 hos
837 3287 961 3351 balnea
983 3289 1058 3369 pice
1080 3295 1117 3350 et
1137 3286 1303 3368 sulphure

354 3401 430 3446 cum
464 3383 588 3448 soetore
617 3384 776 3449 horrifico
810 3393 845 3449 et
875 3386 1120 3468 liquaminibus
1156 3386 1234 3448 aeris
1266 3393 1302 3448 et

353 3480 484 3563 plumbi
516 3502 594 3546 cum
626 3483 704 3546 aliis
736 3486 952 3549 metallorum
980 3485 1162 3567 generibus
1184 3491 1303 3548 extor-

353 3581 526 3660 quebant;
551 3582 638 3646 istos
659 3584 871 3646 monstruosi
895 3603 1028 3648 vermes
1048 3584 1229 3648 venenosis
1249 3602 1304 3645 ro-

352 3677 480 3743 debant
497 3680 669 3757 dentibus,
692 3680 771 3744 illos
793 3681 899 3746 denso
923 3683 1042 3746 ordine
1062 3683 1229 3746 substrati
1246 3700 1305 3743 su-

350 3776 411 3840 des
431 3778 615 3843 flammatis
638 3779 767 3841 aculeis
790 3781 1001 3862 recipiebant
1020 3802 1028 3860 ;
1065 3790 1212 3845 tortores
1240 3800 1306 3843 un-

350 3877 474 3957 guibus
496 3877 746 3954 distrahebant,
774 3878 921 3960 flagellis
949 3879 1169 3943 horribilibus
1191 3879 1305 3942 caede-

349 3974 445 4050 bant,
472 3974 616 4058 diroque
639 3977 794 4040 cruciatu
817 3977 1007 4041 laniabant.
1072 3978 1207 4042 Multos
1232 3980 1303 4059 pri·

348 4072 425 4136 dem
453 4076 592 4155 agnitos
619 4075 771 4157 mihique
800 4077 836 4140 in
868 4078 985 4140 seculo
1020 4078 1207 4141 familiares
1237 4076 1305 4139 ihi·

345 4294 353 4343 ¹
382 4221 559 4345 Lilscemeatet
574 4229 649 4277 denuo
661 4223 792 4296 tortores]
816 4229 1035 4278 ‘decurrentibus
1052 4228 1136 4277 denuo
1151 4225 1305 4278 tortoribus'

355 4308 371 4343 n
432 4328 439 4343 .
