2970 5016
386 489 525 537 arenas
548 489 818 539 nrsronmnun.
1010 476 1075 541 175

121 645 402 710 circumcisionis
421 657 657 712 convenerunt
679 648 723 711 ad
746 649 955 732 colloquium
979 650 1070 732 apud
1089 655 1143 695 Α-ὓ-
1156 655 1211 694 ¹²⁰⁴·

121 745 297 809 Oxoniam
314 765 377 808 rex
395 754 432 810 et
447 754 628 828 magnates
644 746 797 830 Angliae,
814 750 871 812 ubi
891 743 1075 813 ¹concessa

119 852 201 907 sunt
220 845 293 927 regi
312 846 444 909 auxilia
463 846 637 922 militaria,
655 847 698 911 de
717 848 872 930 quolibet
890 856 989 912 scuto
1008 850 1074 912 sci·

120 943 202 1007 licet
220 943 298 1009 duee
324 964 449 1008 marcae
475 952 511 1008 et
535 945 701 1025 dimidia3
726 967 788 1011 nec
814 949 919 1011 etiam
940 949 1074 1030 episco-

120 1043 156 1124 pi
182 1050 218 1106 et
245 1046 401 1120 abbates,
428 1045 502 1108 sive
530 1044 774 1110 ecclesiasticae
803 1066 973 1129 personae,
999 1048 1074 1110 sine

120 1143 348 1223 promissione
364 1152 590 1208 recesserunt.

69 1336 102 1399 j
226 1314 276 1378 De
291 1315 352 1379 obe
366 1315 514 1401 diespitris
527 1314 590 1378 Dei
601 1315 762 1400 genitrices
777 1316 966 1382 mirabiliter

504 1415 679 1479 incorrecto.

171 1537 301 1601 Eodem
325 1556 429 1614 anno,
451 1538 537 1603 feria
558 1538 663 1602 tertia
682 1547 763 1602 ante
788 1538 993 1603 Paschalem
1015 1558 1072 1604 so·
1087 1563 1172 1611 essene

120 1636 345 1714 lemnitatem,
368 1637 517 1719 contigit
538 1638 743 1702 miraculum
766 1639 859 1702 omni
882 1638 984 1702 laude
999 1638 1072 1720 dig·
1086 1614 1228 1711 ffii'i'g'i'lr

121 1737 300 1800 nissimum
337 1736 380 1799 de
412 1737 489 1800 oleo
528 1736 688 1818 imaginis
722 1739 842 1801 matris
881 1738 947 1802 Dei
980 1738 1072 1820 apud
1087 1713 1214 1762 ΜΨ·

121 1834 289 1899 Sardenai
314 1835 350 1898 in
378 1835 469 1900 bunc
497 1834 659 1915 modum3
699 1835 837 1901 Accidit
867 1837 903 1900 iu
936 1857 1074 1902 carcere

122 1934 269 1999 militum
306 1933 581 1999 Christianorum
620 1935 655 1999 in
693 1943 808 2000 castro
843 1937 1075 2013 Damascene,

121 2035 213 2116 quod
239 2033 338 2097 miles
369 2034 510 2115 quidam
541 2034 742 2099 extraheret
766 2034 808 2098 de
839 2037 988 2100 armario
1010 2056 1074 2099 suo

123 2132 238 2196 bolam
259 2151 376 2210 unam,
398 2133 434 2197 iu
453 2152 524 2215 qua
546 2145 711 2215 posuerat
728 2134 770 2198 de
789 2135 866 2198 oleo
888 2135 960 2211 illo,
981 2135 1074 2218 quod

121 2232 164 2296 de
184 2231 298 2295 iconia
320 2232 387 2295 Dei
408 2232 585 2313 genitricis
603 2233 695 2315 apud
718 2234 884 2298 Sardenai
907 2235 1074 2313 distillat3

121 2332 182 2395 sed
205 2350 283 2395 cum
305 2331 491 2413 diligenter
510 2331 624 2395 fiolam
649 2332 744 2395 illam
766 2333 931 2415 inspexit,
950 2336 985 2397 in
1005 2354 1076 2416 qua

122 2431 237 2495 oleum
269 2437 471 2513 reposuerat
500 2430 750 2495 lucidissimum
782 2440 817 2496 et
848 2433 944 2496 velut
973 2452 1074 2514 aquae

122 2530 228 2593 fontis
257 2530 487 2612 perspicuum,
512 2531 675 2612 appamit
699 2532 734 2594 iu
761 2550 804 2594 ea
826 2531 938 2594 oleum
962 2532 1075 2595 incar-

122 2638 242 2693 natum
279 2629 339 2693 sed
377 2630 413 2692 in
448 2628 535 2692 duas
573 2638 690 2711 partes
726 2629 887 2706 divisum,
922 2630 1075 2693 haerebat

123 2747 271 2810 namque
292 2728 367 2811 jam
389 2747 470 2810 pars
491 2728 559 2792 olei
580 2729 615 2791 in
636 2728 788 2792 inferiori
811 2736 910 2809 parte
933 2728 1023 2791 fiolae
1040 2739 1076 2792 et

123 2828 233 2892 altera
255 2828 435 2910 superiori.
489 2827 593 2890 Miles
603 2836 732 2891 -autem
757 2827 930 2909 accipiens
953 2826 1075 2890 cultel-

122 2927 192 2991 lum
216 2946 316 2990 suum
338 2926 449 2990 voluit
470 2926 681 3010 conjungere
703 2933 837 3009 partem
863 2926 1074 3008 superiorem

122 3045 200 3089 cum
233 3026 399 3103 inferiori,
433 3026 506 3102 sed,
546 3027 710 3090 continuo
747 3035 785 3090 ut
820 3025 912 3089 acies
944 3025 1075 3089 cultelli

123 3126 236 3189 oleum
266 3125 353 3189 illud
382 3126 600 3189 incarnatum
632 3125 761 3206 tetigit,
788 3124 984 3188 videntibus
1017 3144 1075 3190 ca·

123 3225 269 3306 pellanis
305 3223 542 3306 militibusque
577 3225 723 3307 captivis
757 3231 793 3288 et
826 3224 961 3289 caeteris
998 3225 1076 3288 nni-

123 3325 245 3400 versis,
268 3330 379 3404 guttae
406 3323 586 3405 sanguinis
611 3323 691 3386 inde
714 3324 849 3387 cunctis
875 3324 1077 3388 admiranti·
1150 3314 1153 3321 Δ

123 3423 188 3485 bus
217 3421 451 3499 effluxerunt3
485 3431 532 3499 et,
565 3424 727 3505 quoniam
754 3423 909 3505 plerique
937 3423 981 3486 de
1010 3422 1075 3486 hac

123 3522 243 3584 matris
272 3521 339 3584 Dei
360 3522 511 3602 imagine
531 3522 712 3586 veritatem
739 3523 913 3602 ignorant,
944 3521 1075 3601 dignis·

123 3621 247 3683 simum
265 3627 331 3696 est,
346 3628 397 3696 ut,
415 3640 520 3703 quam
536 3622 658 3684 habuit
678 3622 859 3702 originem,
875 3619 919 3682 ad
936 3618 1073 3683 laudem

122 3719 277 3803 ejusdem
293 3721 415 3783 matris
433 3719 500 3784 Dei
518 3721 751 3783 nescientibus
774 3719 972 3783 reseramus.

166 3933 305 3985 ¹Coaceasa
327 3940 383 3984 saut
405 3937 462 3997 regi
488 3935 585 3984 aetitia
612 3937 638 3984 in
649 3935 773 3985 veniendo
785 3934 948 3996 corporaliter
958 3935 984 3981 in
997 3933 1074 3982 serri-

122 4004 272 4067 mditmia]
296 4006 328 4054 In
346 4005 386 4054 his
407 4006 481 4055 letter
499 4012 525 4054 to
543 4006 585 4054 the
611 4007 675 4054 tium
707 4011 818 4055 nostrum
850 4005 877 4051 in
909 4003 1075 4062 Nemorensis,

120 4077 207 4137 clergy
216 4075 245 4123 oi
253 4074 366 4137 lreland‚
376 4075 444 4123 John
455 4075 550 4137 speaks
561 4075 590 4124 oi
611 4090 688 4136 quam
704 4076 737 4124 de
755 4074 878 4123 militibus
895 4078 921 4122 et
937 4073 1046 4133 pecunia
1058 4067 1075 4133 3’

121 4145 161 4194 bis
184 4144 292 4206 English
320 4145 432 4206 subjecta
453 4144 587 4206 rendering
613 4145 805 4207 Rymer‚p.9⁰.

121 4214 173 4263 him
190 4214 335 4264 efficacious
351 4215 500 4280 assistance,
515 4215 587 4264 ‘tum
