2970 5016
239 699 287 737 lla
296 698 321 737 d

399 463 464 526 156
649 478 784 525 aornar
809 478 856 524 ns
880 477 1090 525 warmacan

239 648 363 689 annm.
399 633 553 708 marinis,
580 630 768 696 londoniis
791 631 882 714 apud
904 631 1019 695 Vetus
1035 630 1219 713 Templum
1247 650 1355 712 quar·

240 749 349 837 aad
400 733 492 795 tanis
517 730 668 794 febribus
693 732 848 812 graviter
873 731 1068 795 infirmatus
1095 730 1227 793 decimo
1251 740 1355 793 sexto

240 799 336 888 u‘ssln
399 829 567 895 kalendas
588 831 789 894 Decembris
809 829 993 893 laudabilis
1015 830 1096 893 vitre
1118 849 1257 893 cursum
1278 829 1355 910 glo-

400 930 493 993 rioso
507 929 576 992 fine
591 929 798 1013 complerit;
814 929 915 1012 cujus
932 930 1024 993 inter
1037 929 1193 992 homines
1211 948 1355 991 conver-

400 1030 491 1092 satio
512 1038 647 1105 sancta,
669 1048 748 1111 quae
775 1029 977 1093 mortalibus
999 1037 1036 1091 et
1056 1026 1256 1091 informatio
1282 1048 1356 1091 mo-

400 1147 476 1190 rum
500 1128 637 1192 exstitit
657 1136 692 1191 ot
710 1129 906 1209 exemplum
929 1127 997 1209 piae
1019 1127 1178 1203 actionis,
1201 1127 1354 1207 compel-

400 1226 442 1289 lit
457 1236 496 1290 ut
513 1227 557 1290 de
571 1246 613 1290 eo
628 1227 682 1291 vel
698 1246 811 1308 pauca
824 1226 903 1288 huic
918 1226 1014 1307 operi
1030 1227 1234 1289 inseramus.
1282 1225 1355 1289 Hic

401 1326 456 1389 vir
470 1334 624 1398 sanctus,
635 1327 671 1388 in
685 1326 825 1389 remotis
838 1324 1051 1406 Burgundiae
1066 1326 1224 1407 partibus
1240 1325 1356 1387 oriun-

401 1424 479 1500 dus,
495 1425 646 1489 moribus
662 1425 788 1488 clarior
801 1442 905 1506 quam
922 1424 1102 1505 parentela
1118 1423 1266 1499 refulsit,
1282 1425 1355 1506 qui,

401 1525 447 1587 ab
474 1524 574 1587 annis
605 1524 793 1606 puerilibus
822 1522 946 1586 studiis
977 1523 1153 1587 literarum
1182 1522 1355 1599 addictus,

402 1622 564 1686 decennis
593 1622 734 1686 effectus
762 1622 938 1686 canonicis
961 1622 1176 1703 regularibus
1203 1623 1354 1686 traditur

402 1721 595 1803 disciplinis
618 1722 813 1785 caelestibus
837 1718 1128 1804 [informandus];
1152 1721 1243 1784 inter
1267 1741 1355 1802 quos

402 1830 474 1884 tam
501 1822 653 1884 moribus
677 1841 780 1902 quam
803 1820 949 1883 scientia
976 1821 1181 1902 regulariter
1200 1821 1355 1884 imbutus

402 1928 483 2001 post
498 1920 663 1984 circulum
690 1919 837 1983 sedecim
856 1939 1024 1982 annorum
1046 1920 1082 1981 iu
1099 1920 1247 2001 quadam
1266 1920 1356 1983 cella

403 2017 551 2081 officium
580 2019 704 2100 prioris
736 2004 1001 2100 suscepitsubi,
1030 2038 1107 2081 cum
1135 2027 1261 2082 cuncta
1289 2020 1355 2081 sibi

402 2137 567 2199 prospere
603 2119 862 2193 successissent,
897 2117 1047 2181 lubricos
1086 2119 1200 2181 carnis
1238 2124 1355 2180 motus

402 2214 526 2278 fortius
553 2215 710 2278 cohibere
737 2216 924 2280 decernens
950 2217 994 2281 ad
1020 2218 1173 2281 ordinem
1203 2216 1355 2280 Canthu-

402 2314 563 2388 siensem,
588 2313 737 2377 Domino
760 2315 975 2396 disponente,
994 2317 1178 2396 transivit3
1205 2336 1354 2398 cumque

404 2413 641 2494 sebonignum
658 2414 782 2476 ibidem
796 2415 930 2478 cunetis
942 2423 978 2478 et
994 2416 1176 2492 affabilem,
1192 2415 1357 2496 religiosa

404 2513 579 2594 gravitate
596 2520 747 2589 servata,
767 2514 958 2592 exhiberet,
977 2516 1111 2578 modico
1132 2515 1251 2597 elapso
1269 2525 1357 2577 tem·

404 2633 487 2695 pore
510 2612 617 2676 totius
638 2612 760 2676 domus
783 2613 924 2677 effectus
950 2625 1003 2677 est
1025 2623 1239 2695 procurator.
1295 2613 1358 2676 In-

405 2720 511 2789 terea,
532 2731 609 2775 cum
632 2712 776 2775 illustris
795 2711 989 2793 Anglorum
1010 2732 1070 2803 rex
1095 2712 1270 2777 Henricus
1293 2713 1355 2776 do-

404 2832 495 2874 mum
525 2811 699 2893 quandam
726 2810 981 2874 Carthasiensis
1010 2812 1139 2875 ordinis
1165 2813 1200 2875 in
1222 2811 1355 2893 Anglia

403 2912 668 2985 construxisset,
688 2911 746 2991 qni
765 2911 830 2973 viri
857 2911 922 2973 Dei
943 2913 1191 2991 promotionem
1217 2911 1354 2974 ardenti

403 3008 572 3072 desiderio
595 3009 747 3084 sitiebat,
776 3010 835 3072 vix
863 3011 1022 3091 precibus
1055 3010 1214 3086 obtinuit,
1242 3019 1282 3074 ut
1309 3010 1354 3073 ad

403 3108 556 3186 regimen
586 3106 679 3170 illius
707 3108 829 3183 domus
862 3110 1012 3172 animum
1043 3109 1119 3194 ejus
1147 3109 1355 3189 inclinaret3

403 3224 549 3287 cumque
578 3207 622 3269 ad
654 3208 827 3288 prioratus
863 3207 1010 3272 officium
1046 3217 1189 3273 vocatus
1219 3208 1355 3286 fuisset,

403 3305 550 3385 priorem
570 3307 789 3370 sanctitatem
810 3306 920 3370 indies
943 3308 1076 3372 studuit
1091 3309 1269 3389 ampliare,
1289 3327 1355 3370 un·

402 3403 445 3467 de
469 3404 560 3486 regis
587 3407 748 3486 gratiam,
773 3407 833 3488 qui
862 3405 1058 3489 frequenter
1079 3408 1155 3490 ejus
1180 3407 1355 3490 colloquio

402 3502 592 3579 fruebatur,
610 3513 741 3568 sanctae
762 3507 1034 3569 conversationis
1054 3508 1177 3570 merito
1195 3527 1264 3569 non
1283 3527 1354 3569 me-

402 3602 563 3666 diocriter
579 3605 767 3668 obtinebat.
820 3599 997 3670 'senuerat
1019 3615 1134 3670 autem
1159 3614 1221 3668 rex
1244 3607 1354 3670 eccle-

400 3702 487 3764 siam
520 3701 793 3767 Lincolniensom
824 3704 860 3766 in
890 3724 994 3768 manu
1024 3725 1100 3782 sua,
1133 3724 1194 3787 per
1225 3705 1354 3769 multos

401 3820 510 3865 annos
540 3804 690 3883 pastoris
720 3802 847 3865 solatio
879 3804 1076 3882 viduatam;
1107 3824 1208 3885 quem
1233 3804 1354 3867 volens

400 3921 580 3964 excessum
602 3901 779 3978 redimere,
804 3903 895 3966 sicut
918 3903 1060 3967 honeste
1080 3904 1207 3984 potuit,
1229 3922 1355 3984 procu-

400 4002 502 4075 ravit,
526 4009 565 4064 ut
589 4020 651 4082 per
672 4001 874 4064 electionem
900 4003 953 4065 vir
981 4002 1167 4085 praedictus
1189 4003 1233 4064 ad
1259 4001 1355 4065 illins

393 4100 553 4163 -ecclcsiae
571 4101 721 4182 regimen
739 4109 932 4163 vocaretur.
965 4101 1045 4179 Quo
1063 4101 1168 4177 facto,
1184 4121 1261 4164 cum
1279 4102 1354 4165 viro
1371 4164 1375 4171 ,

401 4199 465 4261 Dei
495 4200 617 4264 electio
646 4200 851 4265 denuntiata
877 4199 1010 4278 fuisset,
1043 4200 1232 4283 rospondit,
1258 4203 1353 4283 quod
