2970 5016
426 448 470 513 78
681 465 812 512 nonum
837 462 884 512 nn
906 462 1113 512 wnnnovnn

266 634 321 675 an·
333 635 388 675 nst
426 619 482 682 die
495 618 617 699 recipit
633 637 693 681 eos
708 619 746 681 in
759 616 889 700 palutio
913 635 978 680 suo
999 635 1061 698 per
1075 633 1195 679 servos
1212 633 1295 678 suos
1315 633 1372 678 ar·

426 724 551 792 matos,
565 715 716 779 secundo
730 714 785 779 die
802 709 944 778 ¹dicitur
959 714 1009 777 eis
1024 731 1226 795 responsum
1247 732 1372 776 secun·

426 813 508 876 dum
535 830 688 890 cansam,
720 821 756 876 ct
784 819 866 876 ante
894 811 984 875 diem
1008 810 1147 874 tertium
1172 829 1241 873 non
1267 809 1372 872 datur

426 910 568 974 licentia
579 909 764 973 accedendi
781 910 826 972 ad
842 929 931 972 eum.
965 908 1055 972 Octo
1072 914 1189 971 nutem
1204 907 1266 970 lilii
1281 906 1370 989 ejus,

427 1006 470 1070 de
491 1006 601 1089 patris
628 1008 683 1070 sui
709 1007 967 1082 constitutione,
981 1006 1106 1070 vivunt
1126 1006 1163 1068 iu
1187 1004 1279 1068 hunc
1295 1024 1370 1067 mo-

427 1104 529 1180 dum;
553 1103 623 1167 duo
647 1124 692 1167 ex
716 1105 767 1167 eis
789 1103 988 1167 custodiunt
1006 1102 1225 1184 sepulchrum
1241 1102 1372 1166 Christi

427 1208 464 1266 et
485 1200 535 1264 eis
554 1200 657 1265 datur
675 1202 838 1284 quicquid
862 1201 907 1265 ad
927 1201 1146 1282 sepulchrum
1166 1200 1320 1276 offertur,
1336 1212 1372 1265 et

427 1298 494 1381 ipsi
511 1298 577 1363 hoc
591 1299 750 1364 dividunt
768 1300 858 1362 inter
876 1317 934 1378 se;
963 1300 1058 1363 valet
1079 1305 1196 1362 autem
1217 1297 1372 1361 redditus

428 1416 546 1461 eorum
561 1397 685 1478 viginti
706 1397 815 1461 millia
838 1396 1110 1475 Saracenorum
1137 1402 1288 1477 quatuor
1308 1394 1371 1457 filii

427 1493 556 1559 hahent
568 1495 722 1560 redditus
736 1495 779 1559 de
791 1494 887 1571 Nilo,
905 1502 941 1557 et
958 1493 1112 1557 redditus
1127 1494 1264 1557 illorum
1276 1492 1371 1556 valet

428 1592 612 1674 plusquam
635 1592 866 1676 quadraginta
886 1592 996 1655 millia
1012 1592 1284 1668 Saracenorum3
1313 1590 1372 1654 alii

427 1690 497 1754 duo
514 1690 638 1755 fratres
653 1690 801 1754 minores
820 1698 902 1754 sunt
922 1689 1076 1773 quotidie
1093 1696 1175 1754 unte
1189 1688 1372 1753 Mahnme·

429 1795 502 1851 tum
517 1808 580 1869 pro
594 1789 767 1865 castitate,
783 1797 819 1853 et
836 1789 886 1852 eis
899 1787 1003 1852 datur
1019 1787 1182 1870 quicquid
1201 1786 1245 1850 ad
1267 1784 1372 1868 pedes

428 1886 505 1969 ejus
530 1885 684 1961 offertur,
711 1886 802 1967 qnod
822 1885 917 1950 valet
939 1885 1083 1967 triginta
1101 1884 1210 1948 millia
1227 1883 1371 1949 Sarace-

429 2002 562 2047 norum.
613 1982 832 2064 Saphadinus
847 1983 1040 2065 quindecim
1060 1983 1164 2047 habet
1183 2000 1311 2045 uxores
1337 1989 1373 2044 et

429 2079 571 2143 totidem
586 2079 761 2157 haeredes3
790 2101 868 2144 cum
893 2080 1061 2144 uxoribus
1083 2079 1230 2161 singulis
1245 2079 1373 2142 dormi·

428 2178 521 2253 ebat,
543 2178 599 2241 cui
618 2197 696 2241 cum
718 2179 836 2260 aliqua
851 2178 957 2242 filiurn
974 2177 1076 2259 parit,
1091 2197 1170 2241 cnm
1188 2177 1250 2241 illa
1271 2195 1372 2240 cunc·

428 2274 675 2339 tisvideutibus
688 2275 830 2354 dormit3
848 2283 895 2351 et,
904 2294 983 2339 cum
996 2275 1114 2358 aliqua
1122 2275 1260 2339 illarum
1274 2275 1371 2357 quin·

428 2371 538 2435 decim
559 2380 698 2437 mortua
719 2373 835 2450 fuerit,
858 2373 901 2436 de
920 2373 1007 2453 legis
1026 2392 1100 2437 suae
1124 2371 1373 2437 consuetudine

428 2469 546 2533 statim
578 2470 681 2534 aliam
713 2470 911 2535 introducit.
965 2469 1108 2534 Habent
1139 2472 1230 2535 enirn
1260 2470 1371 2550 legem

428 2567 592 2649 scriptam
608 2586 630 2631 a
648 2567 852 2633 Mahumeto
872 2567 938 2631 sibi
954 2568 1131 2645 traditam,
1152 2577 1189 2632 et
1209 2567 1265 2632 hic
1286 2567 1374 2631 liber

428 2664 555 2729 dicitur
571 2663 764 2730 Alcoranus
777 2687 786 2746 3
809 2667 909 2749 cujus
926 2666 1005 2729 libri
1020 2673 1195 2748 praecepta
1208 2665 1271 2728 illa
1286 2684 1372 2746 gens

428 2762 561 2826 nefaria
595 2763 646 2827 ita
680 2765 925 2828 inviolabiliter
964 2765 1138 2839 observat,
1179 2763 1270 2826 sicut
1309 2781 1372 2826 nos

428 2859 617 2925 Christiani
631 2869 767 2929 textum
782 2861 953 2943 evangelii
968 2863 1204 2929 observamus.

500 3044 543 3113 Ut
555 3043 724 3123 Johomus,
730 3045 842 3128 frater
856 3046 949 3130 repis,
964 3065 1090 3129 ropham
1102 3044 1228 3128 Aspliae
1241 3041 1302 3113 sill

740 3141 904 3228 eudjuparo
917 3142 1060 3209 nolucrit.

266 3279 407 3368 mgna
472 3261 572 3342 Rege
594 3268 708 3325 autem
732 3263 921 3339 Richardo,
940 3269 981 3327 ut
1002 3263 1133 3327 dictum
1157 3270 1222 3338 est,
1243 3264 1287 3325 ab
1309 3260 1373 3324 im·

268 3377 376 3427 nmmo
428 3366 587 3440 peratore
611 3360 764 3437 detento,
785 3355 919 3424 'comes
945 3360 1124 3425 lohannes
1153 3359 1261 3423 frater
1285 3359 1373 3442 ejus,

429 3456 547 3521 audito
578 3457 670 3539 regis
697 3458 886 3522 infortunio
913 3466 1018 3540 atque
1044 3457 1087 3520 de
1114 3457 1190 3540 ejus
1212 3476 1373 3538 regressu

428 3553 596 3633 diffidens,
621 3556 735 3620 foedus
761 3557 921 3620 amicitiae
952 3576 1029 3619 curn
1059 3555 1232 3637 Philippo,
1261 3555 1372 3617 Frau-

427 3672 545 3716 corum
574 3674 667 3735 rege,
694 3648 1032 3736 iniit,³sin1str0que
1058 3672 1142 3717 usus
1169 3653 1314 3717 consilio
1339 3653 1374 3715 in

464 3882 604 3947 ¹Dieitur.]
620 3881 731 3934 ‘Datur’
742 3885 769 3933 in
782 3885 812 3933 G.
915 3881 1033 3931 declared
1052 3886 1079 3929 to
1094 3880 1136 3930 the
1150 3881 1308 3943 Justicinrim
1325 3881 1376 3930 end

462 3950 566 4003 ’Comes
584 3953 739 4016 domna]
767 3951 890 4013 Compare
914 3951 985 4000 other
1001 3951 1088 3999 nobles
1105 3950 1131 3997 in
1145 3948 1321 4009 London,thnt
1332 3950 1377 3999 ui-

428 4022 588 4083 Newbnrgh,
601 4023 636 4072 iv.
650 4019 663 4086 ξ
675 4026 716 4084 Μ,
726 4021 788 4070 with
801 4021 890 4069 Hove·
914 4019 993 4069 chard
1007 4023 1062 4068 was
1078 4017 1154 4079 dead,
1168 4019 1219 4066 aud
1234 4016 1377 4067 demanded

427 4090 486 4153 den,
497 4106 524 4152 p.
536 4095 594 4140 724.
914 4089 1052 4137 thecrown
1062 4084 1380 4149 iromthenrchbiahnpoi

461 4156 827 4223 ⁸Siaistroqueasuscomilio]
847 4158 889 4205 lla
915 4158 1020 4217 Rouen3
1038 4156 1101 4207 ibid.
