2970 5016
344 452 410 516 110
595 467 729 515 nocnnr
756 467 802 512 on
828 465 1032 512 wannovan

183 639 308 682 sarm.
345 622 475 704 gentio,
497 621 636 702 igneam
658 621 862 702 qualitatem
884 620 1115 702 praeferentia,
1132 621 1211 683 visu
1234 640 1300 684 au·

182 689 305 828 {iiim
314 727 415 785 ortem
431 740 535 802 super
547 719 664 784 omnia
679 739 757 801 quae
770 719 962 800 excogitari
977 718 1096 783 valent
1110 718 1251 784 horrida
1263 729 1297 784 et

204 789 298 829 'm
344 818 512 884 horrende
530 818 709 895 terribilia,
721 819 855 901 jugiter
870 818 1094 900 impetebant,
1115 826 1161 895 et,
1179 838 1298 899 quam-

345 919 399 982 vis
418 919 604 982 renitentes
622 935 663 980 ac
681 917 827 980 multum
848 917 1070 998 refugientes,
1088 917 1153 979 sibi
1170 937 1297 998 genere

346 1018 523 1081 abusionis
544 1016 731 1080 damnabili
762 1015 960 1098 permisceri
982 1015 1216 1096 cogebantur;
1246 1017 1297 1080 ita

345 1117 437 1181 euim
459 1117 550 1181 inter
571 1114 738 1179 nesandos
752 1114 954 1196 complexus
970 1133 1043 1195 prae
1059 1115 1165 1178 nimio
1178 1114 1297 1179 dolore

345 1213 576 1297 palpitabant,
603 1213 787 1294 rugiebant
818 1220 854 1276 et
882 1212 1075 1288 ululabant,
1105 1221 1140 1276 et
1172 1213 1296 1277 deinde

345 1313 443 1378 velut
468 1312 657 1376 exanimati
682 1318 718 1375 et
740 1311 777 1374 in
798 1318 942 1374 mortem
967 1310 1165 1375 deficientes
1187 1312 1296 1375 colla-

344 1412 525 1488 bebantur,
548 1410 744 1493 excipiendi
768 1429 851 1474 mox
873 1410 1082 1473 cruciatibus
1107 1410 1294 1475 innovatis

346 1510 484 1574 Horreo
496 1510 646 1574 referens
659 1517 694 1573 et
709 1509 848 1572 sceleris
865 1509 1093 1573 obscoenitate
1107 1510 1142 1572 in
1154 1518 1296 1573 memet-

343 1609 421 1691 ipso
437 1628 544 1691 supra
568 1608 706 1672 modum
723 1607 925 1684 confundor,
948 1605 1029 1671 dum
1050 1608 1133 1670 mihi
1150 1617 1294 1672 eatenus

344 1707 538 1771 inauditum
563 1707 676 1771 suerat
703 1714 738 1770 et
768 1705 978 1788 inopinabile
1005 1713 1189 1788 utrumque
1212 1728 1295 1771 sex-

345 1826 404 1869 um
421 1807 548 1870 talibus
569 1805 794 1869 immunditiis
811 1805 917 1869 fuisse
934 1804 1153 1887 aliquatenus
1171 1805 1296 1889 depra-

345 1914 478 1982 vatum,
501 1912 547 1978 et,
570 1903 659 1987 proh
683 1903 802 1967 dolor!
834 1903 954 1967 talium
980 1911 1121 1968 caterva
1145 1912 1217 1968 tarn
1242 1907 1297 1969 in·

346 2004 569 2067 numerabilis
589 2021 693 2085 quam
712 2001 901 2066 miserrime
920 2002 1124 2066 miserabilis
1148 2004 1297 2086 reperie-

345 2103 448 2165 batur
469 2100 605 2165 ibidem.
651 2099 825 2165 Personas
856 2101 1043 2164 multorum
1068 2102 1128 2165 illo
1154 2103 1190 2165 in
1217 2104 1296 2168 loco

346 2218 409 2263 nec
426 2201 548 2281 aspexi
570 2218 633 2262 nec
655 2201 796 2281 agnovi,
812 2200 894 2282 quia
914 2207 1162 2264 tormentorum
1181 2209 1217 2264 et
1233 2202 1295 2264 ob·

345 2299 541 2362 scoeuitatis
561 2298 747 2362 enormitas
765 2317 806 2362 ac
823 2299 958 2363 soetoris
975 2306 1012 2361 et
1028 2299 1226 2363 immanitas
1241 2301 1294 2362 ni-

346 2395 452 2460 mium
469 2397 553 2461 mihi
569 2397 748 2479 ingerebat
763 2396 959 2476 horrorem;
982 2397 1073 2460 unde
1088 2397 1171 2461 mihi
1188 2416 1295 2480 supra

345 2495 484 2561 modum
506 2496 687 2560 molestum
715 2496 793 2574 fuit,
810 2496 866 2560 vel
888 2496 933 2559 ad
955 2496 1059 2560 breve
1081 2505 1293 2560 momentum

345 2594 393 2658 ibi
425 2596 625 2672 consistere,
654 2594 710 2659 vel
734 2613 814 2676 quae
839 2593 966 2658 ibidem
997 2587 1126 2658 fiebant
1154 2595 1294 2659 intueri.

347 2692 507 2776 Denique
533 2694 624 2758 inter
645 2694 883 2758 lamentabiles
907 2692 1198 2774 querimoniarum
1219 2694 1294 2759 ulu-

345 2792 450 2870 latus,
473 2793 555 2856 dum
584 2793 750 2857 clamaret
775 2793 1013 2874 unusquisque
1043 2811 1174 2869 eorum,
1197 2793 1295 2857 ‘Vae

345 2892 448 2955 mihi!
472 2912 526 2956 vae
543 2892 646 2955 mihi!
671 2911 778 2973 quare
797 2891 950 2973 peccavi,
968 2910 1075 2972 quare
1092 2891 1294 2973 poenitendo

343 2998 488 3072 peccata
505 3009 574 3054 non
589 2991 724 3054 correxi
732 2989 757 3054 l’
775 2991 862 3055 adeo
880 2990 958 3053 illos
974 2990 1221 3072 suppliciorum
1235 2992 1295 3054 do·

344 3087 436 3151 lores
457 3089 719 3169 ingeminabant
738 3090 880 3171 singuli,
902 3095 941 3152 ut
962 3089 1201 3170 plangentium
1223 3090 1293 3153 cla-

345 3205 473 3250 morem
504 3187 750 3252 vociferatione
782 3188 948 3251 continua
976 3196 1117 3268 putares
1148 3189 1184 3252 in
1218 3196 1293 3253 toto

344 3285 472 3349 mundo
489 3284 623 3350 audiri?

509 3458 559 3521 De
573 3459 706 3543 quodam
723 3457 830 3542 lapisto
847 3466 875 3521 et
890 3459 956 3541 ejus
970 3459 1123 3522 oratiam.

394 3579 553 3644 ‘Verum
574 3580 668 3658 lieet,
685 3588 853 3662 quantum
873 3582 983 3662 potui,
999 3601 1077 3664 quae
1097 3583 1144 3646 ibi
1165 3583 1294 3648 fiebant

344 3666 534 3759 refugerem
568 3679 707 3756 intueri,
745 3681 849 3743 unius
881 3686 997 3744 tamen
1031 3681 1158 3759 cleriei,
1192 3702 1294 3764 quern

344 3776 426 3840 olim
450 3796 673 3858 agnoveram,
695 3797 765 3841 non
788 3779 947 3842 valebam
971 3780 1102 3843 evitare
1128 3800 1294 3864 conspec-

344 3881 443 3954 tum3
476 3875 532 3939 hic
556 3896 620 3940 suo
645 3885 799 3959 tempore
826 3897 955 3951 eorum,
980 3898 1067 3960 quos
1093 3879 1237 3960 legistas
1259 3888 1296 3944 et

343 3973 546 4038 decretistas
590 3976 779 4057 appellant,
818 3978 1046 4058 peritissimus
1090 3976 1295 4056 habebatur,

342 4072 434 4136 unde
453 4074 490 4138 in
505 4074 695 4138 redditibus
709 4075 931 4140 ecclesiarum
949 4076 1136 4158 ampliatus
1152 4076 1295 4142 affluen-

341 4171 487 4235 tioribus
504 4173 613 4238 indies
630 4175 753 4256 opibus
770 4175 971 4239 abundavit.
1004 4174 1113 4238 Hunc
1129 4177 1165 4240 in
1180 4179 1294 4258 poenis
