2970 5016
339 433 384 499 32
581 446 716 495 nocant
741 445 788 494 na
812 444 1019 493 wannovnn

181 628 302 671 annin.
340 610 507 686 cupatur;
532 603 591 666 ubi
610 602 773 668 Grilones
795 602 960 666 insultum
978 601 1144 665 facientes
1162 600 1197 664 in
1217 600 1296 664 Hu-

340 723 464 784 gonem
492 703 660 779 Brunum,
683 704 842 766 comitem
871 702 1051 777 Marchiee,
1076 721 1098 764 a
1123 720 1205 782 rege
1230 700 1294 764 Ri-

340 802 468 866 chardo
486 803 615 885 repulsi
639 812 733 879 sunt,
754 803 827 884 qui,
845 802 964 885 januis
981 802 1110 864 clausis
1127 801 1294 875 civitatis,

341 901 386 966 ad
404 903 666 984 propugnacula
689 921 865 966 murorum
888 920 925 964 se
948 901 1163 963 conferentes
1184 899 1294 963 homi-

341 1021 403 1064 nes
423 1009 459 1066 et
476 1021 583 1083 equos
609 1003 701 1083 regis
718 1001 919 1065 occiderunt
934 1008 969 1063 et
986 999 1154 1082 quosdam
1172 998 1294 1062 vulne·

342 1108 517 1164 ravernnt.
569 1100 668 1164 Tunc
690 1120 751 1163 rex
772 1101 882 1163 iratus
899 1106 1020 1182 portas
1036 1099 1188 1163 civitatis
1210 1118 1293 1163 con·

342 1200 447 1281 fregit
466 1208 502 1264 et
517 1193 710 1266 ¹civitatem
732 1200 835 1281 cepit,
852 1199 1076 1281 hominesque
1095 1217 1177 1261 snos
1198 1199 1233 1260 in
1251 1217 1294 1260 ea

342 1299 458 1382 posuit
487 1308 612 1382 quarto
642 1318 752 1363 nonas
783 1298 957 1374 Octobris,
988 1306 1023 1361 et
1051 1297 1153 1362 tertio
1183 1316 1293 1360 nonas

343 1399 496 1482 ejusdem
523 1400 659 1464 obsides
680 1399 847 1463 dederunt
873 1398 904 1461 ei
931 1397 974 1462 de
997 1416 1083 1480 pace
1108 1398 1294 1461 observan-

343 1498 389 1562 da
410 1499 560 1582 majores
583 1499 735 1562 civitatis
753 1516 762 1574 ;
786 1517 855 1579 qno
873 1497 978 1573 sacto,
999 1497 1150 1560 firmarit
1168 1497 1292 1559 ibidem

344 1605 510 1673 castrum,
528 1593 636 1680 ²quod
660 1604 669 1631 ‘
687 1596 924 1678 Mategrisum’
940 1596 1148 1679 appellatur.
1193 1595 1294 1659 Tunc

344 1697 500 1760 habiturn
515 1705 568 1761 est
583 1697 765 1761 concilium
782 1695 993 1779 provinciale
1009 1695 1102 1777 apud
1116 1694 1293 1759 Westmo·

345 1797 546 1873 nestorium,
570 1796 774 1878 praesidente
792 1795 980 1871 willelme,
1008 1794 1139 1858 Ellensi
1161 1796 1294 1877 episco-

345 1915 390 1977 po
417 1903 452 1959 et
475 1896 677 1978 apostolicae
699 1895 791 1958 sedis
812 1895 941 1976 legato,
966 1889 1096 1958 ⁸idibus
1123 1894 1296 1971 Octobris,

344 1996 468 2077 inquo
490 2014 602 2077 pauca
622 1995 676 2059 vel
701 1995 796 2058 nulla
818 1995 958 2075 provisa
980 2001 1062 2058 sunt
1084 1994 1126 2057 de
1149 1994 1297 2058 aedifica·

346 2093 438 2157 tione
452 2086 625 2159 ⁴ecclesiae
643 2093 856 2176 Anglicanae.

419 2265 462 2329 Ut
473 2264 596 2330 ecclesia
612 2267 829 2330 Nornusnnioa
846 2289 867 2328 a
882 2266 1040 2330 servitutis
1046 2266 1123 2351 jupo
1130 2266 1237 2349 fuerit

756 2364 898 2430 liberata.

183 2509 331 2599 pffipfnrn
398 2489 501 2554 Circa
528 2490 602 2553 dies
630 2490 717 2552 istos
740 2491 887 2554 ecclesia
919 2488 985 2552 Dei
1015 2490 1051 2553 in
1082 2489 1298 2553 Normannia

185 2610 313 2658 norm-no.
347 2590 390 2653 de
420 2590 525 2672 longo
558 2589 737 2652 servitutis
762 2589 850 2672 jugo
877 2589 1024 2652 liberata
1053 2596 1118 2665 est,
1147 2589 1297 2669 glorioso

347 2709 428 2771 rege
447 2689 622 2753 Richardo
642 2697 815 2752 annuente
831 2696 866 2751 et
881 2689 996 2752 omnia
1010 2687 1226 2770 disponente.
1256 2688 1297 2751 In

347 2790 466 2871 primis
480 2788 745 2853 determinatum
760 2795 825 2864 est,
842 2795 876 2851 et
893 2809 913 2850 a
931 2807 1012 2870 rege
1029 2807 1243 2863 concessum,
1255 2788 1299 2850 de

347 2889 492 2965 clericis,
513 2887 606 2970 quod
624 2887 719 2950 nulla
739 2887 919 2951 occasione
936 2906 956 2950 a
973 2885 1186 2950 secularibus
1203 2887 1298 2968 capi·

346 2994 450 3050 entur
477 2986 720 3068 potestatibus
745 2987 836 3050 sicut
862 2987 935 3049 fieri
965 2993 1205 3062 consueverat,
1230 2986 1298 3050 nisi

346 3105 410 3166 pro
425 3084 622 3160 homicidio,
639 3085 743 3161 furto,
762 3085 921 3149 incendio
936 3093 972 3149 et
987 3084 1184 3169 hujusmodi
1198 3105 1297 3148 enor-

347 3183 394 3245 mi
411 3183 544 3265 flagitio
558 3204 566 3263 3
591 3184 651 3265 qui
667 3186 844 3262 continuo,
860 3205 938 3249 cum
956 3185 1112 3266 requisiti
1132 3185 1261 3249 suerint
1277 3205 1299 3250 a

342 3282 519 3365 judicibus
537 3282 792 3360 ecclesiasticis
811 3285 927 3367 quiete
947 3293 982 3348 et
1005 3285 1079 3346 sine
1102 3304 1199 3349 mora
1221 3285 1297 3348 red-

347 3460 470 3522 pulation,
481 3460 612 3509 wherever
628 3460 729 3521 settled,
739 3459 808 3508 whe-
833 3461 903 3510 what
921 3475 975 3510 wan
997 3460 1039 3509 the
1059 3462 1112 3510 real
1131 3467 1196 3510 etate
1214 3462 1243 3510 oi
1257 3463 1298 3511 the

348 3536 386 3579 ter
409 3530 435 3577 in
447 3530 554 3591 Apulia,
570 3530 659 3590 Sicily,
678 3530 762 3590 Crete,
779 3534 809 3578 'or
833 3546 901 3580 case.

348 3600 508 3659 elsewhere3
531 3601 552 3648 it
573 3614 682 3661 appears
699 3605 726 3648 to
744 3601 808 3648 have
873 3618 963 3677 πρωὶ
983 3621 1074 3670 «Mag,
1092 3616 1173 3680 ,ὕκης
1194 3638 1210 3670 0
1255 3624 1299 3673 ιω,

348 3670 412 3718 been
424 3683 440 3718 a
451 3683 523 3718 name
534 3669 563 3717 oi
571 3674 697 3753 contenpt
714 3669 810 3718 invent·
835 3692 898 3757 m]
910 3694 918 3720 ι
928 3690 1005 3742 Quod
1016 3637 1299 3753 adogpwaiumpgfif,

348 3739 380 3787 ‘d
391 3740 426 3798 by
434 3738 479 3819 fh?
491 3738 607 3819 Flam}
626 3738 689 3786 md·
701 3743 756 3786 ''⁰“
765 3736 792 3765 ¹⁸⁰
836 3761 920 3809 sonum
933 3756 1125 3822 ‘Mategriffun'
1136 3764 1275 3812 nominavit
1284 3758 1299 3824 ς’

385 3803 539 3856 ιΰιυιΐιιΐθῐη
552 3805 637 3871 cepit]
661 3809 752 3856 Fortu
768 3822 812 3857 ac·
837 3831 889 3880 ibid
911 3828 967 3895 §23

349 3882 426 3959 count
436 3876 465 3925 oi
472 3877 514 3925 the
526 3877 615 3938 taking
626 3876 655 3925 of
668 3877 782 3958 Massiua
791 3879 812 3926 it
872 3866 898 3960 θ’
925 3931 930 3942 ,
970 3865 975 3878 “
1058 3905 1085 3944 ·,
1169 3933 1174 3945 ,

349 3961 372 3994 ¹3
383 3952 680 4008 necegfflvytocompm
691 3946 746 3995 that
757 3962 812 4008 glv,
889 3930 1120 4014 1d¹bss8002ffl.]
1140 3933 1242 3993 chetQ
1252 3934 1301 3985 001.

349 4031 381 4064 en
400 4017 434 4077 by
445 4016 556 4065 fficium
571 4016 600 4066 of
614 4016 734 4077 naim,
746 4014 759 4082 5
769 4021 811 4079 24,
837 4005 903 4061 666;
916 4017 1033 4078 compare
1041 4002 1161 4064 erlnns,
1170 4002 1269 4054 Concil.
1281 4006 1300 4054 i.

348 4100 423 4147 seqq„
438 4086 630 4147 byVinsaus,i.
648 4084 661 4152 §
681 4091 721 4147 14,
737 4101 812 4149 seqq„
837 4074 933 4135 2⁴9³·
1315 4129 1318 4135 ,

349 4153 409 4201 with
423 4155 604 4204 Benedictand
617 4156 750 4206 Horeden.
787 4156 812 4204 lt
872 4155 1006 4205 ⁴Ecclesioe
1019 4155 1187 4220 Aegram]
1201 4157 1301 4219 Diceto,

348 4222 370 4269 is
393 4222 509 4285 difficolt,
531 4224 657 4285 however,
686 4231 712 4274 to
734 4225 811 4275 know
837 4227 955 4276 coleti.
