2970 5016
430 471 475 535 60
689 487 825 537 nocant
849 487 898 534 nn
922 485 1127 535 wssnovnn

268 665 391 708 suum.
431 671 470 715 ra
490 669 536 715 ex
557 649 697 731 obliquo
717 649 905 726 sulcantes,
930 668 1009 712 cum
1030 647 1140 712 tribus
1161 654 1295 710 tantum
1319 666 1383 709 na-

430 751 531 813 vibus
555 749 659 812 tertio
683 749 752 826 dle,
773 768 900 812 aurora
918 748 994 830 jam
1017 747 1193 822 rutilante,
1219 747 1255 809 in
1276 753 1381 828 portu

428 848 452 912 J
455 868 569 930 oppen
590 848 810 930 appulerunt.
862 846 1069 911 Salaadinus
1091 846 1229 909 interim
1250 845 1382 908 crebris

429 947 619 1010 assultibus
641 948 758 1015 urbem
776 945 852 1029 jam
873 953 1025 1027 ceperat,
1052 952 1158 1027 atque
1185 963 1303 1007 omnes
1328 944 1382 1006 in-

429 1046 547 1110 firmos
576 1064 617 1109 ac
648 1045 859 1120 vulneratos,
887 1045 947 1127 qui
983 1043 1109 1107 ibidem
1137 1062 1211 1126 prae
1240 1042 1382 1106 lassitu-

430 1146 509 1208 dine
535 1145 774 1220 substiterant‚
805 1143 931 1207 milites
957 1151 1173 1224 peremerat3
1205 1148 1240 1204 et
1271 1140 1379 1205 auda-

429 1245 538 1308 ciores
557 1244 721 1326 quinque,
738 1262 826 1325 quos
845 1261 908 1306 rex
925 1241 1051 1304 ibidem
1069 1242 1114 1304 ob
1133 1240 1284 1304 civitatis
1302 1259 1381 1303 cus-

428 1343 558 1407 todiam
584 1348 759 1424 posuerat,
781 1342 900 1406 urbem
922 1340 1118 1404 deserentes
1140 1340 1176 1402 in
1196 1339 1377 1403 castellum

427 1462 504 1509 sese
524 1449 738 1524 receperunt,
759 1460 800 1505 ac
818 1441 909 1504 inter
927 1459 965 1504 se
983 1439 1025 1502 de
1044 1438 1216 1502 reddendo
1233 1439 1378 1502 castello

428 1548 678 1618 tractaverunt,
688 1548 875 1622 antequam
885 1539 1054 1603 violenter
1070 1557 1131 1619 per
1142 1537 1311 1601 assultum
1321 1557 1379 1601 ca-

425 1646 606 1723 perentur3
633 1640 725 1721 quod
750 1647 785 1703 et
807 1639 964 1703 celeriter
987 1638 1159 1712 iecissent,
1181 1636 1247 1699 nisi
1269 1655 1292 1699 a
1318 1655 1377 1718 pa-

427 1739 589 1816 triarcha,
622 1739 682 1820 qui
713 1739 804 1801 inter
836 1745 1019 1819 utrumque
1051 1736 1240 1800 exercitum
1270 1735 1376 1800 libere

425 1838 721 1921 progrediebatur,
736 1837 1035 1918 praemunirentur,
1053 1835 1240 1899 exercitum
1255 1834 1376 1900 Salaa·

426 1938 498 2002 dini
516 1938 697 2001 devovisse
715 1955 833 2000 omnes
856 1936 928 2001 sore
948 1934 1165 2011 occidendos,
1183 1934 1227 1997 ob
1245 1934 1376 1999 vindic-

425 2044 497 2100 tam
529 2036 714 2101 amicorum
742 2044 777 2099 et
804 2043 986 2117 parentum
1019 2053 1171 2111 suorum,
1197 2053 1285 2115 quos
1312 2054 1374 2098 rex

424 2134 619 2216 Anglorum
646 2135 802 2217 pluribus
826 2134 901 2217 jam
928 2134 964 2197 in
990 2133 1075 2197 locis
1099 2132 1374 2197 immisericordi·

425 2241 478 2297 ter
498 2234 776 2309 detruncaverat,
796 2234 862 2297 etsi
882 2233 1023 2296 liberam
1047 2252 1069 2296 a
1086 2231 1272 2296 Salaadino
1291 2233 1374 2297 aba·

425 2332 509 2396 undi
532 2332 706 2397 licentiam
734 2333 960 2413 accepissent.
1012 2331 1067 2394 Ob
1094 2331 1221 2395 hocin
1244 2350 1372 2413 magno

423 2432 545 2495 mortis
563 2430 759 2496 discrimine
783 2431 976 2508 constituti,
998 2430 1081 2512 quid
1103 2436 1245 2513 agerent
1269 2430 1370 2495 haesi·

415 2527 556 2608 tabant,
589 2531 740 2595 hostium
768 2531 1050 2594 numerositatem
1074 2549 1116 2594 ac
1145 2528 1368 2609 ferocitatem,

420 2649 630 2713 suorumque
658 2629 880 2713 paucitatem,
908 2648 1042 2693 necnon
1065 2636 1100 2693 et
1126 2627 1169 2692 de
1195 2629 1371 2693 subventi-

420 2750 486 2793 one
512 2731 604 2812 regis
626 2727 839 2808 diffidentes3
868 2728 942 2805 sed,
962 2748 1040 2791 cum
1057 2748 1174 2810 regem
1193 2729 1369 2811 appulisse

419 2836 668 2911 cognoverunt,
691 2829 892 2892 audaciores
914 2826 1026 2892 effecti
1050 2846 1125 2890 sese
1143 2828 1289 2892 viriliter
1309 2828 1369 2891 de·

419 2926 616 2992 tendebant.
659 2928 740 2992 Rex
761 2934 889 3003 autem,
909 2946 954 2990 ex
974 2927 1073 3008 gravi
1094 2926 1256 2990 conflictu
1276 2927 1369 2990 obsi·

418 3025 573 3088 dentium
598 3027 728 3107 pariter
750 3032 785 3089 et
805 3027 1023 3090 obsessorum
1048 3026 1160 3089 sciens
1188 3025 1367 3090 castellum

418 3122 570 3186 civitatis
600 3123 751 3186 nondum
780 3122 886 3189 fuisse
916 3131 1068 3206 captum,
1097 3125 1255 3206 protinus
1287 3144 1366 3189 cum

417 3219 490 3284 suis
508 3221 551 3285 de
572 3223 652 3285 navi
670 3230 825 3287 armatus
844 3223 928 3305 agili
946 3224 1038 3287 saltu
1058 3223 1243 3306 prosilivit,
1261 3230 1366 3305 atque

417 3319 654 3385 intermedias
672 3322 822 3387 hostium
838 3330 1010 3398 catervas,
1027 3322 1124 3386 velut
1141 3323 1195 3387 leo
1211 3322 1367 3389 furibun-

415 3419 480 3483 dus
497 3440 519 3483 a
533 3419 666 3485 dextris
683 3429 717 3485 et
731 3441 753 3485 a
769 3422 918 3487 sinistris
934 3430 1166 3503 prosternens
1184 3440 1221 3486 se
1237 3422 1367 3486 audac-

415 3526 469 3583 ter
490 3520 660 3601 ingessit3
691 3520 790 3603 cujus
821 3521 1039 3584 subitaneum
1072 3521 1238 3603 impetum
1259 3520 1365 3584 Turci

414 3638 484 3683 non
506 3619 667 3696 ferentes
690 3626 890 3702 reputantes
914 3627 949 3684 et
973 3620 1071 3682 illum
1096 3619 1365 3683 numerosiorem

414 3717 603 3783 adduxisse
623 3718 826 3795 exercitum,
843 3721 888 3783 ab
904 3719 1082 3783 obsidione
1099 3720 1236 3783 concito
1253 3718 1365 3800 gradu

414 3816 610 3898 diffugiunt,
631 3825 750 3881 mutuo
768 3837 805 3881 se
819 3819 996 3900 adingam
1014 3818 1235 3882 cohortantes
1253 3826 1288 3881 et
1306 3817 1365 3880 ad-

412 3924 553 3981 ventum
569 3917 697 3980 inimici
713 3918 805 3999 regis
818 3919 1037 4000 inopinatum
1054 3918 1098 3980 ad
1114 3919 1261 3982 invicem
1277 3936 1364 3980 nun-

412 4015 564 4095 tiantes;
599 4015 689 4079 unde
712 4017 842 4080 sactum
865 4016 1031 4098 estquod
1055 4037 1077 4081 a
1099 4017 1183 4099 suga
1213 4015 1365 4080 cohiberi

411 4133 480 4176 non
496 4122 657 4196 poterant
673 4114 782 4179 donec
797 4117 1059 4198 ingrederentur
1078 4116 1263 4180 Ramulam
1281 4115 1363 4180 civi·

411 4219 531 4292 tatem,
546 4214 732 4279 Salaadino
752 4215 788 4281 in
806 4235 909 4280 curru
932 4236 996 4279 suo
1015 4235 1117 4280 cursu
1133 4215 1255 4298 rapido
1271 4235 1361 4298 prse-
