2970 5016
448 475 589 523 rnonss
616 475 886 525 nrsronrnnuu.
1077 463 1144 527 249

192 641 380 716 praesentes
399 633 518 696 literas
538 633 759 714 inspecturis,
782 635 939 698 salutem.
994 635 1063 699 Per
1080 636 1144 699 bas
1157 653 1211 693 nn.
1224 653 1281 690 121³.

192 740 351 814 patentes
377 732 497 795 literas
523 732 639 813 sigillo
666 741 784 796 nostro
811 735 962 798 munitas
984 734 1144 798 volumus

193 850 266 896 esse
284 839 417 907 notum,
436 831 542 913 quod,
563 832 661 894 nobis
681 834 909 914 praesentibus
925 841 961 898 et
977 835 1144 897 mandan-

193 932 297 1007 tibus,
318 930 355 994 bi
375 937 526 1011 quatuor
547 930 694 994 barones
722 932 845 1009 nostri,
861 932 1058 997 Willelmus
1078 934 1144 997 sci·

193 1030 273 1094 licet
301 1047 417 1093 comes
447 1028 660 1107 Saresbiriae,
688 1029 796 1093 frater
828 1039 956 1108 noster,
980 1031 1146 1112 Reginal·

194 1129 259 1192 dus
277 1147 394 1192 comes
412 1128 592 1204 Bononiae,
608 1127 806 1192 Willelmus
823 1149 939 1194 comes
958 1130 1146 1207 warenne,

194 1235 230 1292 et
252 1228 449 1292 Willelmus
475 1245 591 1290 comes
620 1226 664 1289 de
692 1222 855 1306 Ferariis,
877 1229 1086 1313 juraverunt
1110 1230 1146 1292 in

195 1328 345 1391 animam
376 1333 543 1402 nostram,
570 1326 663 1409 quod
694 1346 757 1390 nos
786 1329 1016 1411 subscriptam
1050 1329 1146 1410 pacis

196 1426 339 1489 sormam
367 1425 550 1489 bonafide
577 1445 639 1508 per
663 1426 779 1490 omnia
805 1429 1002 1491 curabimus
1028 1429 1145 1491 obser·

197 1545 290 1589 vare.
357 1524 545 1606 Inprimis
576 1525 694 1606 itaque
724 1525 911 1589 solenniter
933 1533 968 1590 et
990 1527 1148 1590 absolute

191 1624 386 1708 juravimus
413 1632 507 1687 stare
533 1623 706 1688 mandatis
737 1623 866 1688 domini
894 1644 1006 1708 papae,
1031 1644 1147 1689 coram

196 1723 273 1806 ejus
303 1723 433 1805 legato,
456 1742 561 1805 super
586 1724 746 1788 omnibus
772 1742 835 1806 pro
860 1725 986 1807 quibus
1007 1744 1148 1789 exeom-

197 1823 365 1887 municati
398 1841 517 1885 sumus
549 1823 593 1886 ab
624 1823 713 1904 ipso,
746 1830 782 1886 et
813 1842 930 1887 veram
961 1842 1081 1906 pacem
1112 1832 1148 1888 et

198 1921 336 2004 plenam
367 1921 589 1985 securitatem
621 1922 864 2003 praestabimus
893 1923 1148 1987 venerabilibus

198 2021 295 2097 viris,
342 2019 531 2102 Stephano,
582 2019 827 2084 Cantuariensi
877 2021 1148 2104 archiepiscopo,

198 2118 375 2182 Willelmo
399 2118 644 2197 Londoniensl,
670 2120 860 2183 Eustacbio
886 2120 1029 2197 Ellensi,
1047 2121 1148 2202 AEgi·

198 2218 256 2282 dio
279 2216 539 2294 Herelordensi,
561 2217 585 2281 J
588 2218 721 2282 ocelino
748 2218 989 2297 Bathoniensi,
1011 2227 1046 2284 et
1069 2217 1149 2283 Hu-

116 2333 119 2347 ·
199 2318 298 2380 berto
323 2316 570 2394 Lincolniensi,
593 2301 789 2400 episcopm,
807 2318 913 2401 priori
945 2338 1084 2401 quoque
1113 2327 1148 2383 et

198 2415 377 2479 monacbis
419 2413 739 2494 Cantuariensibus,
783 2425 818 2480 et
857 2417 1013 2482 Roberto
1060 2417 1148 2482 filio·

199 2515 348 2579 Walteri
375 2522 411 2578 et
434 2515 623 2578 Eustacbio
650 2515 693 2578 de
717 2515 836 2592 Vesci,
863 2535 996 2579 necnon
1022 2523 1057 2578 et
1082 2534 1150 2579 cae·

199 2615 283 2678 teris
311 2614 445 2679 clericis
472 2622 508 2678 et
530 2614 628 2678 laicis
655 2614 700 2677 ad
723 2614 787 2677 boc
811 2615 987 2695 negotium
1013 2615 1149 2677 contin·

199 2714 383 2794 gentibus3
411 2712 609 2794 praestando
631 2713 734 2776 simul
752 2733 869 2776 coram
889 2712 1008 2776 eodem
1031 2713 1149 2794 legato

199 2812 255 2877 vel
292 2813 452 2894 delegato
485 2812 621 2895 publice
652 2813 901 2896 jurameutum,
932 2812 1023 2894 quod
1055 2813 1150 2894 ipsos

200 2931 279 2975 eum
307 2913 380 2975 suis
414 2930 477 2975 nec
507 2911 672 2975 laedemus
701 2930 764 2975 nec
792 2911 873 2975 laedi
901 2911 1066 2975 faciemus
1095 2912 1150 2976 vel

200 3013 438 3093 permittemus
464 3011 500 3073 iu
529 3010 686 3094 personis
711 3011 766 3073 vel
793 3012 908 3087 rebus,
934 3010 1071 3092 illisque
1097 3010 1150 3074 di·

201 3112 376 3175 mittemus
410 3129 547 3174 omnem
579 3110 851 3191 indignationem
877 3117 913 3173 et
938 3110 974 3173 in
1002 3111 1151 3191 gratiam

201 3217 355 3274 nostram
381 3209 519 3274 eosdem
549 3210 752 3291 recipiemus
778 3228 819 3273 ac
842 3210 1034 3273 tenebimus
1060 3211 1151 3274 bona

202 3309 280 3385 lide,
311 3308 472 3391 quodque
503 3308 668 3391 praelatos
696 3308 991 3391 archiepiscopum
1015 3317 1051 3373 et
1079 3311 1150 3391 epi·

201 3427 325 3491 scopos
353 3428 422 3472 non
442 3409 679 3490 impediemus,
707 3426 769 3471 nec
793 3408 957 3472 faciemus
984 3427 1047 3470 nec
1072 3429 1149 3489 per-

201 3509 378 3572 mittemus
406 3508 625 3589 aliquatenus
656 3507 826 3589 impediri,
850 3526 918 3588 quo
944 3505 1057 3569 minus
1083 3507 1149 3588 ipsi

199 3607 306 3670 libere
326 3610 428 3670 suum
444 3613 680 3688 exsequantur
701 3605 849 3671 officium
872 3612 907 3668 et
923 3605 1027 3685 plena
1043 3603 1150 3688 juris·

202 3706 363 3770 dictionis
384 3725 458 3769 suae
480 3706 700 3781 auctoritate,
722 3712 826 3788 prout
842 3703 980 3779 debent,
998 3712 1150 3768 utantur.

204 3804 251 3868 Et
268 3824 373 3887 super
395 3804 461 3879 his,
484 3811 555 3868 tam
581 3804 720 3869 domino
745 3823 859 3887 papae,
879 3822 984 3885 quam
1006 3803 1073 3885 ipsi
1097 3822 1153 3865 ar-

202 3903 422 3986 chiepiscopo
436 3911 471 3968 et
484 3904 630 3986 singulis
643 3904 826 3986 episeopis,
842 3911 978 3968 nostras
995 3909 1153 3983 patentes

203 4004 321 4067 literas
352 4004 602 4081 exhibebimus,
633 4003 800 4067 facientes
836 4004 879 4067 ab
915 4002 1085 4084 episcopis
1118 4010 1154 4065 et

204 4105 387 4167 comitibus
404 4112 439 4168 et
457 4104 644 4167 baronibus
660 4102 799 4178 nostrie,
813 4109 899 4182 quot
915 4109 951 4165 et
964 4120 1052 4183 quos
1068 4121 1153 4183 prae-

204 4203 268 4267 sati
296 4203 576 4286 archiepiscopus
605 4212 640 4267 et
665 4201 816 4286 episcopi
843 4201 1033 4284 postulant,
1058 4203 1156 4285 jura-
