2970 5016
450 453 591 503 smnus
615 452 885 503 ursronmnuu
1079 438 1146 503 217

190 610 359 693 derogare
384 611 625 694 praesumpsit,
652 611 821 693 quasdam
847 610 992 675 frivolas
1016 612 1144 676 occasi·
1157 626 1214 716 ,¹2⁸
1226 627 1281 694 ¹2⁰3

191 729 278 773 ones
306 710 536 792 praeteudons,
559 711 685 792 quibus
705 712 845 787 asseris,
868 710 961 793 quod
984 675 1309 818 electionigoeoffibr

191 809 234 872 de
256 808 384 875 dilecto
410 810 481 873 lilio
501 817 620 873 nostro
646 810 815 891 magistro
837 809 1026 892 Stephano,
1042 810 1145 875 titulo

191 909 303 972 sancti
327 907 545 992 Chrysogoni
565 908 765 992 presbytero
787 908 966 985 cardinali,
987 929 1008 972 a
1024 928 1145 973 mona·

192 1006 267 1071 obis
293 1005 603 1071 Cantuariensibus
630 1008 813 1072 celebratae
838 1027 908 1072 nou
932 1014 1031 1090 potes
1056 1028 1145 1090 prae-

191 1111 285 1170 stare
312 1126 528 1183 consensum,
553 1107 637 1189 quia
655 1106 815 1171 videlicet
840 1108 931 1170 inter
956 1114 1035 1171 tuos
1063 1126 1145 1171 con-

193 1212 353 1268 versatus
384 1214 438 1270 est
465 1206 622 1269 inimicos
652 1213 688 1269 et
714 1225 864 1289 persona
894 1205 970 1290 ejus
1000 1213 1055 1272 est
1082 1208 1144 1271 tibi

193 1323 335 1386 prorsus
356 1305 489 1385 ignota.
536 1303 647 1369 Porro
668 1305 777 1388 juxta
804 1305 1021 1387 proverbium
1047 1305 1146 1369 Salo-

193 1403 317 1479 monis,
331 1403 497 1467 ‘Frustra
509 1403 640 1486 jacitur
656 1412 729 1467 rete
744 1410 826 1467 anto
843 1403 961 1467 oculos
978 1411 1145 1486 pennato-

193 1501 292 1579 rum,'
303 1522 382 1566 cum
394 1502 627 1584 intelligamus
643 1502 729 1565 illud
748 1503 779 1566 ei
794 1522 863 1566 non
878 1522 954 1567 csse
969 1504 1143 1585 imputan-

193 1599 275 1663 dum
296 1600 339 1664 ad
365 1601 516 1683 culpam,
541 1602 602 1664 sed
627 1601 671 1664 ad
699 1602 846 1683 gloriam
871 1602 987 1685 potius
1012 1600 1142 1665 adscri-

192 1698 353 1777 bendum,
380 1701 486 1783 quod,
513 1700 668 1764 Parisius
696 1701 754 1764 diu
784 1720 912 1765 vacans
944 1700 1143 1765 liberalibus

192 1797 329 1876 studiis,
338 1800 375 1863 iu
387 1807 521 1863 tantum
535 1799 730 1881 profecerit,
745 1807 785 1864 ut
794 1799 958 1863 meruerit
971 1819 1047 1863 esse
1064 1799 1144 1864 doc·

193 1905 251 1961 tor
271 1917 340 1961 non
364 1898 476 1962 solum
498 1897 534 1962 in
556 1898 756 1962 liberalibus
778 1899 1001 1964 facultatibus
1026 1919 1143 1962 verum

195 2005 232 2061 ct
252 1997 285 2060 in
305 1996 510 2078 theologicis
532 1997 736 2080 disciplinis,
759 2018 800 2063 ac
822 1998 852 2061 si
876 2018 938 2081 per
965 1998 1042 2074 hoc,
1064 2017 1143 2062 cum

193 2096 268 2160 vita
285 2096 469 2161 concordet
484 2097 663 2174 doctrinae,
681 2096 807 2179 diguus
829 2105 883 2161 est
899 2096 1039 2161 habitus
1055 2117 1143 2179 prar-

193 2194 340 2259 bendam
356 2195 587 2260 Parisiensem
604 2198 771 2261 obtinere.
799 2196 900 2261 Unde
915 2196 1071 2260 mirabile
1084 2216 1141 2278 ge·

193 2294 313 2371 rimus,
326 2296 357 2358 si
376 2295 428 2359 vir
444 2296 534 2359 tanti
557 2297 704 2359 nominis
726 2296 769 2360 de
793 2302 853 2359 tuo
878 2316 984 2378 regno
1012 2295 1142 2359 ducens

193 2393 360 2475 originem
383 2394 445 2458 tibi
470 2395 585 2477 potuit
607 2414 696 2471 esso,
721 2395 845 2460 saltem
866 2395 981 2477 quoad
1001 2395 1142 2473 samam,

193 2492 347 2573 ignotus,
370 2495 562 2576 praesertim
580 2512 659 2557 cum
683 2501 737 2558 tor
757 2494 955 2576 scripsisses
974 2493 1025 2556 illi
1045 2503 1142 2576 post·

193 2611 299 2674 quam
327 2592 471 2657 anobis
493 2593 631 2657 exstitit
658 2593 695 2656 in
720 2591 929 2657 cardinalem
953 2600 1141 2675 promotus,

194 2691 299 2772 quod,
314 2690 396 2755 licet
410 2691 620 2774 disposueris
637 2711 714 2755 eum
737 2691 780 2754 ad
805 2698 874 2753 tuae
897 2690 1143 2754 familiaritatis

193 2790 396 2872 obsequium
411 2810 567 2868 evocare,
582 2791 759 2872 gaudebas
776 2798 892 2854 tamen
906 2790 999 2872 quod
1017 2789 1059 2852 ad
1074 2807 1144 2852 ma-

188 2889 250 2972 jus
267 2897 343 2953 erat
358 2889 505 2954 officium
519 2889 736 2954 sublimatus.
788 2888 855 2953 Sed
871 2888 955 2952 illud
973 2887 1090 2971 potius
1110 2895 1144 2952 te

194 2987 372 3053 attendere
389 2989 573 3068 decuisset,
594 2990 687 3071 quod
707 2990 742 3053 in
766 2996 861 3053 terra
881 2996 944 3052 tua
966 2997 1068 3052 natus
1090 2997 1144 3052 est

194 3087 237 3150 do
255 3089 457 3170 parentibus
479 3089 542 3152 tibi
568 3088 724 3153 fidelibus
747 3108 788 3153 ac
811 3088 958 3165 devotis,
982 3087 1143 3172 quodque

194 3188 230 3251 iu
257 3186 467 3251 Eboracensi
488 3187 634 3252 ecclesia
657 3188 769 3252 fuerat
789 3188 1044 3270 praebendatus,
1066 3206 1144 3269 quae

192 3285 297 3367 longe
319 3286 431 3370 major
452 3296 486 3351 et
502 3287 640 3370 dignior
653 3307 758 3369 quam
776 3286 983 3351 Parisiensis
1001 3287 1142 3365 existit3

195 3384 287 3449 unde
302 3406 372 3450 non
394 3386 507 3450 solum
529 3387 664 3450 ratione
687 3387 801 3450 carnis
823 3394 859 3450 et
872 3387 1065 3467 sanguinis
1085 3406 1143 3449 ve·

193 3504 271 3548 rum
294 3485 486 3549 etobtentu
501 3485 728 3550 ecclesiastici
750 3484 906 3548 beneficii
928 3492 963 3548 et
978 3482 1092 3559 officii,
1110 3492 1144 3547 te

194 3603 235 3647 ac
257 3602 401 3665 regnum
423 3593 520 3649 tuum
537 3584 661 3648 affectu
676 3585 811 3649 sincero
827 3584 970 3665 diligere
986 3602 1143 3664 compro-

196 3683 309 3746 batur.
362 3683 488 3748 Nuntii
505 3703 586 3747 vero
602 3685 653 3748 tui
676 3703 817 3748 causam
841 3683 939 3748 nobis
962 3682 1066 3745 aliam
1082 3701 1144 3745 ox·

196 3790 407 3863 presserunt,
430 3803 537 3865 quare
563 3803 630 3846 non
662 3783 857 3866 praestitisti
882 3781 957 3864 ejus
985 3780 1144 3844 electioni

195 3899 412 3959 consensum,
444 3883 527 3965 quia
555 3882 715 3946 videlicet
741 3900 917 3964 nunquam
948 3881 1061 3943 fuerat
1091 3899 1142 3942 re·

196 3981 345 4062 quisitus
373 3983 420 4046 ab
440 3982 521 4059 illis,
548 3984 607 4064 qui
630 4001 707 4044 eum
726 4001 748 4045 a
766 3990 800 4045 te
815 3980 1007 4043 debuerunt
1023 3985 1145 4062 postu-

194 4079 287 4158 lare;
311 4089 517 4159 asserentes,
532 4081 623 4164 quod
641 4082 750 4145 literae
765 4079 847 4156 illae,
861 4080 985 4161 quibus
1002 4077 1145 4143 manda·

195 4179 309 4244 vimus
333 4189 373 4245 ut
394 4201 499 4263 super
514 4180 579 4245 hoc
598 4181 737 4262 negotio
761 4187 1003 4260 procuratores
1020 4178 1064 4241 ad
1082 4198 1145 4242 nos
