2970 5016
342 480 409 545 278
598 497 730 545 aoouar
755 498 802 545 un
825 495 1033 546 wnnuovsa

181 668 303 709 nomm
344 670 451 735 quum
465 651 605 734 Angliae
628 652 774 714 abusum
789 650 832 714 de
851 652 1009 734 personis
1028 652 1142 716 miuus
1162 652 1295 718 idoneis

343 751 518 816 celebrare
559 751 806 833 praesumpsit,
844 751 1029 815 nonnullos
1056 771 1140 816 vero
1169 752 1296 817 diversi

250 841 253 844 ⁴
344 849 486 927 ordinis,
503 869 567 933 pro
587 850 789 931 gravamine
813 850 996 915 manifesto
1019 850 1063 914 ad
1084 851 1294 916 audientiam

344 948 469 1012 summi
486 948 658 1031 pontificis
674 948 904 1031 appellantes,
926 968 1115 1032 suspensos
1137 949 1182 1014 od
1206 952 1295 1014 euri·

344 1067 401 1112 sm
425 1047 621 1112 Romanam
648 1046 851 1125 destinavit,
885 1047 1012 1131 quibus
1047 1067 1086 1112 se
1120 1048 1208 1113 adso
1244 1051 1296 1112 in·

344 1147 532 1211 humanum
558 1146 728 1224 exhibuit,
751 1146 845 1230 quod
870 1146 914 1210 de
937 1148 1041 1211 rebus
1062 1148 1213 1230 propriis
1234 1167 1296 1212 neo

343 1246 484 1329 quidem
501 1246 678 1311 denarium
696 1265 804 1309 nuum
820 1245 865 1309 ad
881 1265 1053 1329 expensas
1070 1247 1205 1311 itineris
1220 1267 1296 1330 por-

345 1353 420 1410 tare
443 1346 611 1428 permisit.
657 1344 880 1409 Perochiales
905 1345 1047 1429 insuper
1071 1347 1237 1411 ecclesias
1262 1346 1297 1410 iu
1351 1360 1356 1369 ·

344 1444 430 1508 locis
460 1444 607 1509 diversis
638 1451 803 1508 vacantes
839 1444 974 1509 clericis
1003 1445 1077 1508 suis
1107 1445 1296 1523 distribuit,

344 1552 570 1626 patronorum
604 1562 773 1608 consensu
808 1544 947 1606 minime
981 1544 1167 1626 requisito3
1206 1544 1296 1609 unde

345 1644 532 1707 multorum
558 1642 831 1707 maledictionem
861 1661 925 1725 pro
955 1643 1194 1708 benedictione
1216 1664 1295 1727 pro·

345 1742 479 1818 meruit,
511 1741 594 1805 dum
613 1741 787 1825 justitiam
813 1743 848 1804 iu
872 1742 1047 1826 injuriam,
1066 1743 1237 1827 judicium
1259 1744 1293 1807 iu

346 1841 595 1925 praejudicium,
614 1840 852 1905 commutavit.

409 2017 459 2080 De
472 2015 679 2101 appellatore
695 2014 930 2079 Ooutoarieasre
942 2014 1166 2101 archiepiscopi
1172 2037 1236 2101 pro

518 2112 712 2178 ordinatione
725 2113 905 2177 menum
919 2112 1125 2177 semrom.

184 2254 306 2295 unum,
396 2233 502 2297 Auno
531 2233 671 2296 Domini
692 2250 846 2298 ncuxw.
864 2252 927 2298 rex
948 2232 1140 2317 Anglorum
1163 2236 1297 2301 Jobau·

347 2350 409 2397 nes
424 2332 468 2395 ad
487 2329 616 2395 Natale
632 2333 765 2396 curiam
779 2351 879 2396 suam
903 2334 1015 2398 tenuit
1032 2334 1125 2416 apud
1143 2335 1298 2400 Wiudle·

346 2432 478 2509 shores,
500 2432 560 2495 ubi
585 2431 696 2496 multa
710 2441 912 2514 magnatum
926 2451 1067 2496 suorum
1083 2435 1296 2499 multitudini

184 2550 225 2591 aa
184 2548 325 2650 munros
346 2531 471 2596 festiva
490 2530 665 2595 distribuit
681 2531 894 2595 indumenta.
946 2530 1082 2596 Deinde
1103 2542 1184 2615 post
1200 2543 1296 2599 octa·

184 2601 313 2717 „affl
298 2611 409 2696 diruas
433 2629 639 2713 Epiphaniae
661 2637 895 2695 convenerunt
917 2630 1009 2713 apud
1031 2631 1295 2716 Dunestapliam

184 2701 220 2740 ⁸¹¹
185 2699 314 2789 „ilii”
346 2729 554 2812 Stephanus,
565 2729 1126 2812 cantuariensisarchiepiscopus,
1136 2735 1296 2797 cumsuis

346 2829 587 2911 suffraganeis,
615 2836 655 2892 ut
676 2828 719 2892 de
740 2829 890 2911 negotiis
912 2829 1065 2893 ecclesiae
1091 2828 1297 2912 Anglicanse

346 2935 537 2993 tractarent
551 2927 676 2991 ibidem
688 2948 697 3007 ;
717 2928 860 2993 moleste
875 2928 965 2991 euim
978 2947 1086 3011 supra
1099 2930 1238 2993 modum
1250 2931 1296 2995 fe·

347 3028 480 3104 rebant,
495 3027 587 3108 quod
605 3026 743 3108 legatus
757 3045 850 3109 saepe
865 3027 989 3104 dictus,
1003 3035 1043 3090 ut
1058 3029 1296 3110 praediximus,

345 3126 414 3189 illis
430 3126 645 3203 inconsultis
663 3127 768 3208 regiis
782 3126 902 3190 favens
916 3127 1165 3205 voluntatibus,
1183 3130 1220 3192 iu
1242 3149 1296 3193 ec-

346 3225 461 3288 clesiis
481 3226 685 3289 vacantibus
701 3226 865 3307 praelatos
882 3226 995 3290 minus
1012 3225 1222 3292 sufficientes
1238 3248 1298 3311 po-

347 3333 465 3389 suerat
481 3326 673 3389 intrusione
688 3326 801 3406 magis
816 3343 919 3407 quam
935 3326 1102 3390 canonica
1117 3326 1296 3392 electione.

347 3423 515 3502 Tandem,
540 3423 721 3488 cumhinc
747 3424 827 3487 iude
841 3425 939 3489 varia
957 3433 1050 3488 sorte
1076 3433 1297 3504 tractassent,

346 3522 626 3605 archiepiscopus
647 3521 908 3587 Cantuariensis
930 3523 1016 3587 duos
1038 3523 1182 3589 clericos
1205 3527 1295 3608 apud

348 3623 539 3687 Burtonam
555 3641 660 3704 super
675 3622 802 3686 flumen
817 3622 957 3698 Treute,
975 3624 1034 3686 ubi
1055 3631 1138 3688 tuuc
1161 3623 1295 3705 legatus

348 3731 434 3800 erat,
452 3722 557 3797 misit,
573 3721 631 3803 qui
647 3721 757 3785 eidem
778 3741 823 3784 ex
846 3728 944 3803 parte
966 3721 1096 3786 domini
1112 3720 1294 3788 Cautuari·

348 3823 441 3885 ensis
468 3821 673 3902 interposita
705 3807 939 3903 appellatione
966 3820 1227 3903 prohibuerunt,
1255 3844 1294 3886 ue

347 3928 469 3987 contra
485 3920 689 4000 dignitatem
704 3939 816 3996 snam,
832 3917 876 3982 ad
888 3939 992 4002 quam
1002 3919 1175 3984 ordinatio
1188 3921 1294 3986 eccle·

348 4022 476 4084 siarum
505 4038 578 4082 suae
599 4019 746 4082 diocesis
768 4018 906 4101 dejure
921 4020 1114 4101 spectabat,
1131 4021 1293 4102 praelatos

347 4121 383 4185 in
415 4118 569 4183 ecelesiis
603 4119 808 4181 vacantibus
842 4118 1025 4182 instituere
1060 4129 1293 4201 praesumeret.

348 4218 502 4301 Legatos
526 4237 664 4301 quoque
681 4217 904 4300 appellationi
924 4217 1026 4283 sactae
1045 4239 1114 4283 non
1139 4218 1292 4284 descrens
