2970 5016
359 474 499 523 saunas
521 474 793 523 nrsronrsann.
980 459 1045 523 361

92 630 203 694 litatis
223 629 423 712 juramento
452 630 496 693 de
522 630 616 695 fideli
648 632 827 713 obsequio,
859 632 1181 714 literasqnes.n.nm

92 736 251 810 patentes
279 728 321 791 de
346 728 572 793 indemnitate
596 731 748 794 omnium
765 749 880 793 rerum
903 749 1045 795 suarum

92 834 130 891 et
144 828 401 910 possessionum
418 827 501 891 fecit
515 829 673 892 omnibus
688 828 856 893 exbiberi.

130 1002 180 1064 Do
193 1000 296 1065 variis
302 1022 471 1086 persarum
482 999 653 1085 qaarila,
667 999 778 1085 quidus
792 1001 1008 1086 affliyedantor

477 1099 662 1163 Christiani.

146 1223 286 1287 Interea
309 1224 449 1305 quidam
476 1224 518 1287 de
543 1224 698 1287 exercitu
728 1222 820 1303 regis
844 1222 889 1285 ad
911 1222 1043 1285 Dusiu·
1056 1243 1168 1284 nmen

94 1329 224 1399 tonum,
239 1323 464 1404 municipium
481 1321 655 1386 lobannis
677 1322 719 1385 de
738 1321 852 1398 Lusci,
865 1322 1043 1385 venientes
1056 1295 1187 1393 appius·

93 1438 242 1484 vacuum
256 1420 341 1484 illud
356 1421 575 1497 invenerunt,
593 1421 684 1501 quod
705 1421 881 1496 continuo,
897 1420 1043 1501 jubente

93 1538 188 1600 rege,
210 1519 469 1600 complanatum
491 1526 565 1594 est;
597 1538 666 1600 quo
690 1518 795 1593 sacto,
818 1537 894 1593 rex,
920 1517 1041 1581 divisis

93 1618 212 1681 cuneis
229 1616 388 1680 nefandis
407 1626 524 1699 partes
541 1618 761 1698 aquilonares
779 1623 978 1697 penetrans,
991 1618 1042 1697 ig·

95 1735 172 1779 nem
197 1716 233 1779 in
254 1715 408 1779 aedificiis
428 1716 596 1779 baronum
619 1715 879 1789 accumulando,
907 1715 1043 1795 praedas

94 1814 295 1877 animalium
310 1813 457 1894 agendo,
480 1814 592 1896 spolia
614 1813 792 1895 rapiendo,
814 1811 931 1876 omnia
953 1811 1043 1875 ferro

93 1911 303 1987 devorando,
334 1931 481 1994 qumque
505 1913 571 1975 sibi
593 1913 696 1976 obvie
721 1911 936 1976 devastando
961 1930 1044 1973 cou-

92 2010 199 2074 trivit.
250 2008 514 2092 Gooperuerunt
529 2011 620 2074 enim
635 2010 726 2076 sicut
739 2011 883 2073 locustoe
904 2010 1043 2072 univer-

93 2128 167 2171 sam
199 2108 415 2190 superficiem
439 2117 541 2172 terrae
563 2110 716 2172 membra
738 2108 880 2184 diaboli,
910 2107 970 2188 qui
998 2109 1043 2170 ad

93 2206 158 2271 hoc
173 2215 274 2271 erant
288 2207 393 2270 etiam
409 2226 431 2270 a
444 2207 585 2271 remotis
604 2209 759 2289 partibus
773 2207 988 2288 congregati,
1003 2214 1044 2270 ut

93 2304 249 2368 delerent
263 2323 285 2366 a
299 2304 387 2369 lucie
402 2312 504 2369 terrm
521 2307 565 2368 ab
580 2304 717 2369 homine
730 2305 895 2388 usquead
913 2323 1019 2385 pecus
1032 2325 1042 2382 ;

93 2403 326 2466 discurrentes
354 2404 484 2467 strictis
515 2405 653 2467 ensibus
684 2404 865 2484 ductisque
892 2402 1043 2466 cultellis

93 2501 208 2575 villas,
223 2500 355 2577 domos,
366 2503 576 2577 coemeteria,
591 2502 754 2565 ecclesias
771 2500 1043 2583 perlustrabant,

93 2618 212 2662 omnes
240 2599 449 2681 spoliabant,
478 2601 529 2663 ita
554 2599 691 2681 quidem
722 2597 815 2680 quod
844 2616 908 2660 nec
941 2599 1043 2662 sexui

93 2697 252 2760 muliebri
266 2716 329 2760 nee
344 2697 569 2778 parvulorum
587 2698 777 2779 parcebant
793 2696 912 2774 oetati3
930 2695 1044 2759 inimi·

93 2814 153 2859 cos
166 2814 304 2878 quoque
320 2796 424 2876 regis,
438 2797 644 2876 ubicumque
660 2796 930 2877 reperiebantur,
948 2795 1043 2875 capti

94 2900 177 2956 sunt
209 2901 245 2957 et
267 2894 414 2957 vinculis
444 2896 632 2976 mancipati
663 2902 699 2958 et
731 2893 776 2957 ad
802 2893 1042 2975 gravissimam

93 2991 361 3073 redemptionem
400 2993 522 3056 coacti.
584 2992 789 3057 Sacerdotes
821 2990 1044 3055 nihilominus

93 3090 178 3171 ipsis
192 3089 360 3154 altaribus
371 3090 563 3167 adstantes,
574 3092 711 3173 signum
721 3090 915 3156 Dominicae
929 3091 1043 3153 crucis

93 3190 253 3252 manibus
281 3189 493 3272 bajulantes,
521 3192 629 3255 sacris
654 3191 809 3254 vestibus
841 3190 1041 3265 emicantes,

93 3288 329 3368 capiebantur,
344 3287 600 3363 cruciabantur,
616 3289 866 3370 spoliabantur,
880 3287 1042 3349 vulnera·

93 3386 238 3463 bantur;
262 3404 326 3448 nec
347 3386 460 3449 adsuit
475 3386 645 3468 pontifex,
667 3385 841 3459 sacerdos,
852 3384 908 3447 vel
921 3384 1041 3459 levita,

92 3485 152 3563 qui
170 3483 371 3547 vulneribus
392 3484 534 3548 inflictis
559 3484 672 3548 oleum
693 3483 891 3547 infunderet
914 3481 968 3545 vel
990 3481 1041 3545 vi·

93 3600 187 3645 num.
240 3581 373 3645 Milites
392 3602 473 3646 vero
494 3591 531 3647 et
550 3583 636 3647 alios
654 3583 903 3666 cujuscumque
923 3579 1042 3643 condi·

94 3680 197 3743 tionis
223 3679 379 3744 homines
408 3682 563 3763 pecuniae
592 3700 699 3745 eausa
722 3682 798 3762 pari
824 3697 930 3760 poena
954 3676 1042 3740 affli-

91 3786 226 3858 gentes,
248 3779 414 3861 quosdam
432 3800 495 3860 per
519 3798 618 3844 renes
637 3788 673 3844 et
689 3780 842 3843 membra
861 3776 1040 3857 genitalia,

91 3877 180 3940 alios
202 3896 264 3958 per
290 3878 394 3958 pedes
418 3885 455 3941 et
469 3897 583 3953 crura,
606 3877 790 3942 nonnullos
817 3895 879 3958 per
903 3893 1041 3949 manus,

91 3975 233 4056 pollices
258 3982 294 4038 et
315 3975 457 4039 brechia
480 3975 742 4057 suspendentes
765 3975 983 4056 exspuebant
1004 3973 1040 4034 in

92 4073 202 4136 oculis
228 4075 430 4137 miserorum
455 4074 508 4137 sal
531 4082 630 4138 aceto
652 4074 875 4157 permixtum,
900 4071 1040 4133 omnino

91 4192 159 4235 non
181 4171 427 4253 intelligentes,
451 4173 543 4254 quod
564 4179 680 4237 essent
700 4171 743 4235 ad
768 4169 953 4252 imaginem
974 4167 1040 4232 Dei
