2970 5016
414 476 552 525 rnonns
577 475 846 525 ursronrnnun.
1055 462 1098 525 51

146 652 228 696 suos
269 633 395 713 acriter
427 632 630 697 invadentes
664 635 841 717 Rogcrum
877 636 919 699 de
956 635 1096 712 Planes,
1111 648 1233 689 A·1>-¹¹⁹¹·

146 733 257 795 virum
283 732 445 809 nobilem,
467 742 696 814 peremerunt.
748 734 915 817 Sequenti
938 755 1020 800 vero
1041 735 1097 799 die

149 830 273 894 Martis
300 831 390 895 idem
414 851 528 896 comes
553 852 632 896 cum
657 833 937 917 archiepiscopis,
963 836 1098 916 opisco-

146 931 210 1012 pis,
241 931 425 993 comitibus
453 940 490 995 et
518 932 704 995 baronibus
734 933 769 995 in
800 934 953 1015 capitulo
984 933 1096 997 sancti

148 1028 250 1092 Pauli
265 1037 513 1106 convenerunt,
529 1049 582 1106 ac,
599 1038 768 1113 praesente
783 1033 1000 1108 cancellario,
1016 1039 1097 1114 post

147 1129 269 1209 longos
295 1137 466 1193 tractatus
483 1129 659 1192 Richardo
681 1131 756 1211 regi
779 1130 980 1195 fidelitatem
1000 1131 1096 1213 jura-

148 1233 294 1306 verunt;
328 1227 507 1308 inprimis
534 1248 649 1292 comes
674 1227 866 1305 lohannes,
899 1250 940 1294 ac
971 1231 1095 1294 deinde

149 1326 217 1390 duo
250 1326 501 1408 archiepiscopi
533 1335 569 1390 et
596 1347 715 1391 omnes
744 1329 909 1409 episcopi,
936 1335 971 1392 et
994 1337 1094 1411 quot-

148 1431 232 1506 quot
258 1434 492 1489 convenerant
518 1426 661 1490 comites
689 1432 725 1489 et
751 1427 908 1491 barones.
961 1426 1097 1490 Deinde

148 1517 218 1587 die¹
245 1522 347 1587 lovis
371 1525 531 1607 proximo
560 1524 715 1589 habitum
740 1531 794 1588 est
818 1525 1027 1608 colloquium
1052 1527 1096 1590 ab

103 1633 105 1637 ’
148 1621 307 1687 orientali
331 1631 430 1705 parte
459 1624 563 1687 turris
582 1623 846 1700 Londoniensis,
869 1625 1097 1706 praesentibus

147 1722 369 1804 magnatibus
402 1722 569 1804 praefatis,
602 1723 661 1786 ubi
692 1741 837 1786 assensu
864 1725 1097 1786 communium

148 1818 331 1885 diffinitum
359 1828 424 1898 est,
451 1827 491 1884 ut
517 1821 597 1884 talis
622 1821 665 1885 de
685 1829 812 1885 caetero
836 1822 872 1885 in
891 1841 999 1903 regno
1020 1820 1095 1885 An·

147 1919 227 2000 gline
247 1939 317 1982 non
332 1919 580 1997 dominaretur,
597 1939 659 2002 per
676 1940 779 2002 quem
799 1921 944 1984 ecclesia
961 1920 1028 1983 Dei
1051 1919 1095 1983 ad

147 2018 371 2098 ignominiam
400 2026 435 2083 et
459 2018 609 2101 populus
629 2018 673 2082 ad
693 2020 845 2101 inopiam
871 2020 1093 2099 trahebatur;

148 2117 222 2199 ipse
248 2118 338 2181 enirn
370 2117 598 2181 cancellarius
624 2125 659 2182 et
683 2118 851 2182 satellites
877 2119 953 2202 ejus
976 2138 1096 2183 omnes

148 2216 246 2298 regni
268 2216 409 2280 divitias
432 2217 483 2281 ita
507 2216 753 2295 exhauserant,
779 2224 819 2280 nt
838 2236 902 2282 nec
924 2219 1000 2281 vino
1019 2218 1095 2281 bal·

150 2314 266 2379 thenm
293 2322 438 2397 argento
463 2314 671 2394 redimitum,
695 2335 759 2379 nec
782 2316 932 2380 ioeminae
956 2317 1096 2393 monile,

148 2433 211 2477 nec
225 2415 301 2479 viro
319 2414 425 2478 nobili
445 2413 625 2491 annulum,
640 2414 695 2478 vel
716 2413 739 2477 J
743 2414 843 2480 udaeo
862 2416 1096 2499 relinquerent

148 2513 348 2576 thesaurum
359 2513 415 2577 vel
430 2512 600 2596 quidlibet
614 2514 774 2596 pretiosi3
798 2514 998 2578 thesaurum
1014 2535 1098 2597 qno-

149 2632 217 2694 que
239 2612 367 2676 domini
389 2612 481 2694 regis
502 2613 590 2677 adeo
611 2622 878 2690 evacuaverant,
900 2621 940 2677 ut
957 2614 993 2676 in
1013 2610 1101 2676 scri·'

147 2711 213 2774 niis
246 2711 356 2793 ipsius
387 2718 449 2775 aut
480 2710 619 2776 clitellis
646 2712 731 2775 nihil
757 2719 885 2792 praeter
912 2712 1028 2774 claves
1061 2717 1097 2774 et

151 2828 235 2873 vasa
258 2828 370 2874 vacua
394 2817 536 2892 possent
564 2812 606 2873 de
628 2810 748 2891 elapso
774 2809 912 2873 biennio
938 2809 1096 2873 inveniri.

149 2908 332 2973 Provisum
352 2916 406 2973 est
429 2910 545 2985 etiam,
568 2917 608 2972 ut
623 2908 739 2973 omnia
758 2908 913 2985 castella,
931 2927 1010 2990 quae
1034 2928 1097 2989 pro

149 3007 249 3072 libitu
272 3027 337 3071 suo
358 3007 450 3071 idem
473 3008 700 3072 cancellarius
722 3007 889 3072 custodiae
908 3006 1098 3071 satellitum

149 3126 289 3171 suorum
319 3107 550 3183 commiserat,
576 3106 811 3184 redderentur,
843 3114 878 3170 et
909 3108 945 3169 in
978 3107 1098 3188 primis

147 3206 224 3288 ipsa
260 3205 366 3269 turris
400 3205 677 3285 Londoniensis3
718 3204 793 3269 baec
831 3213 947 3270 autem
982 3206 1099 3269 omnia

149 3305 378 3370 cancellarius
409 3324 447 3368 se
481 3305 652 3368 facturum
677 3305 823 3388 juravit.
871 3303 952 3367 Hiis
979 3304 1097 3387 itaque

149 3404 268 3484 gestis,
298 3402 353 3467 die
383 3402 406 3466 J
410 3402 485 3467 ovis
518 3404 675 3484 proximo
703 3410 869 3484 sequente
897 3422 974 3465 cum
1004 3403 1098 3464 omni

150 3501 363 3584 supellectile
400 3520 465 3565 sua
503 3502 624 3565 turrim
665 3501 845 3583 egrediens
882 3499 974 3581 apud
1011 3499 1097 3562 Ber·

148 3600 381 3665 mundeseiam
411 3620 473 3683 per
511 3600 699 3664 Thamesin
739 3596 882 3662 fluvium
914 3598 1096 3674 transivit3

149 3699 221 3763 (lati
249 3707 331 3764 sunt
360 3700 396 3761 in
423 3697 618 3763 obsidatum
647 3698 823 3761 Henricus
852 3703 888 3761 et
915 3696 1097 3770 Osbertus,

147 3798 272 3862 fratres
294 3797 383 3881 ejus,
403 3817 583 3880 quousque
599 3796 744 3861 castella
764 3795 999 3870 redderentur,
1019 3811 1098 3856 nam

147 3904 183 3961 et
200 3898 274 3979 ipsc
287 3896 422 3980 juravit
438 3897 530 3979 quod
553 3903 636 3960 ante
657 3902 851 3960 castrorum
873 3893 1098 3957 redditionem

147 4015 217 4059 non
234 3997 347 4059 exiret
360 4015 383 4059 a
397 4015 516 4076 regno.
565 3993 701 4058 Deinde
717 3992 943 4058 cantuariam
957 3992 1099 4054 veniens

323 4225 331 4255 ¹
341 4229 390 4279 Die
398 4229 470 4279 «locis
477 4222 614 4295 proxima]
632 4227 686 4276 Tho
697 4225 756 4275 roth
768 4225 797 4274 ol
802 4225 922 4275 October.

938 4323 955 4359 ll
979 4314 995 4358 2
