2970 5016
346 427 411 493 112
600 443 733 491 sooner
758 443 806 489 os
829 442 1036 491 wunnovun

184 609 308 709 ww·
346 570 444 663 novit
462 599 568 663 corda
584 601 734 663 omnium
754 598 863 675 solus,
886 607 921 663 et
943 607 1026 662 tunc
1049 596 1140 680 quod
1159 596 1298 679 justum

182 698 471 800 p'ffldviderit
489 699 657 762 retribuet
672 697 867 761 universis.’
920 696 1008 760 Cum
1034 704 1150 760 autem
1174 702 1297 777 postea

343 816 502 861 reversus
525 816 601 860 sum
628 797 672 859 ad
698 816 835 878 corpus,
862 796 958 860 venit
985 793 1108 858 adme
1134 792 1297 857 sacerdos

342 896 414 973 ille,
438 896 494 959 cui
519 895 610 959 levia
639 902 774 958 tantum
801 893 981 957 consessus
1004 892 1139 970 suerat;
1171 890 1294 955 Domi-

344 1015 427 1058 num
457 1002 589 1059 testans
617 1011 732 1056 coram
761 992 890 1069 multis,
913 992 1092 1056 verissima
1117 1010 1193 1053 esse
1216 1008 1296 1071 quae

257 1081 267 1091 '¹
343 1093 429 1169 dixi,
452 1112 531 1155 cum
556 1092 671 1155 nullus
700 1099 828 1173 praeter
848 1092 960 1173 ipsum
983 1091 1053 1153 iste
1081 1089 1296 1169 cognoverit.

345 1191 400 1255 De
421 1192 533 1273 poenis
556 1197 672 1254 autem
692 1190 890 1265 multorum,
912 1208 999 1271 quas
1022 1187 1105 1264 vidi,
1127 1186 1184 1250 hic
1206 1205 1297 1268 prae-

344 1290 498 1354 termitto
521 1289 683 1364 inserere,
711 1289 834 1352 timens
859 1307 914 1363 ue,
940 1288 970 1351 si
993 1287 1094 1369 plura
1118 1303 1295 1367 ponerem,

343 1388 530 1451 lectoribus
552 1387 688 1451 adalia
710 1386 854 1450 tendens
875 1386 1050 1449 fastidium
1073 1402 1295 1466 generarem

343 1485 418 1550 haec
451 1487 542 1549 enim
575 1504 688 1569 pauca
717 1485 760 1548 de
790 1484 909 1549 multis
942 1484 1093 1548 breviter
1127 1489 1298 1564 excerpta·

344 1583 541 1651 sufficiant!

387 1757 439 1823 Do
454 1758 579 1835 uirium,
594 1777 688 1843 qaam
703 1757 784 1822 idem
799 1756 962 1822 monachos
978 1757 1069 1835 vidit,
1084 1757 1121 1821 de
1138 1765 1251 1822 otono

674 1855 779 1942 glorio
797 1854 962 1921 beatorum.

388 1978 596 2043 ‘Exsecutis
618 1999 680 2061 pro
697 1986 796 2060 parte
811 1979 890 2057 hiis,
906 1997 984 2060 quae
1002 1978 1044 2043 de
1062 1978 1175 2061 poenis
1192 1986 1228 2043 et
1245 1978 1298 2042 lo·

343 2078 394 2142 cis
411 2078 607 2159 poenalibus
622 2077 769 2140 vidimus
789 2077 1003 2154 miserorum,
1019 2084 1131 2141 restat
1148 2097 1240 2141 nunc
1255 2084 1297 2141 ut

344 2177 388 2240 de
411 2175 546 2240 solatiis
571 2176 820 2257 quiescentium
840 2184 876 2241 et
895 2183 1028 2240 aeterna
1044 2176 1157 2257 gloria
1173 2176 1296 2240 beato·

343 2294 432 2351 rum,
452 2293 530 2357 quae
552 2273 618 2338 fide
638 2275 777 2339 oculata
797 2275 1048 2357 perspeximus,
1066 2274 1294 2356 proferamus.

345 2371 537 2456 Postquam
556 2372 686 2436 diutius
706 2392 769 2454 per
787 2374 1001 2437 diversorum
1018 2392 1145 2454 genera
1161 2373 1296 2455 suppli·

344 2470 476 2536 ciorum
490 2471 698 2548 incedentes,
715 2479 875 2554 utsupra
891 2471 1168 2548 memoravimus,
1177 2473 1295 2536 varios

344 2571 545 2635 miserorum
568 2571 703 2635 labores
727 2571 953 2653 inspeximus,
976 2571 1075 2634 nobis
1102 2570 1146 2633 ad
1175 2571 1295 2635 iuteri-

344 2689 407 2734 ora
428 2670 648 2734 tendentibus
670 2669 786 2733 lumen
808 2670 914 2751 coepit
944 2669 1112 2751 paulatim
1134 2670 1294 2751 gratissi·

344 2788 437 2831 mum
453 2788 634 2851 apparere3
651 2769 731 2832 hinc
744 2768 858 2832 odoris
876 2767 1073 2832 suavissimi
1088 2768 1293 2849 fragrantia,

344 2866 423 2931 inde
448 2868 563 2949 campi
590 2867 792 2932 multimoda
825 2866 948 2931 florum
972 2866 1192 2950 jucunditate
1213 2887 1294 2931 ver·

345 2965 460 3028 nautis
475 2966 671 3041 amoenitas,
688 2965 920 3030 incredibilem
937 2967 1035 3029 nobis
1052 2965 1216 3048 praestitit
1230 2985 1293 3030 vo·

343 3062 525 3144 luptatem.
578 3062 620 3125 In
640 3061 706 3127 hoc
724 3084 846 3146 campo
865 3064 1040 3129 hominum
1063 3065 1137 3128 sive
1159 3064 1293 3128 anima·

257 3213 262 3223 .
344 3179 422 3223 rum
438 3160 547 3223 millia
563 3162 751 3242 reperimus
774 3164 921 3241 infinita,
943 3170 1024 3245 post
1039 3181 1187 3227 excursa
1208 3183 1293 3246 sup·

344 3258 449 3340 plicia
460 3258 496 3320 iu
508 3257 597 3321 felici
603 3259 868 3342 jocundantium
878 3263 993 3344 quiete
1005 3261 1177 3327 laetantes.
1194 3260 1293 3340 Quos

344 3364 460 3422 autem
484 3357 520 3420 iu
542 3357 654 3438 prima
673 3360 767 3424 illius
789 3362 903 3444 campi
924 3361 1080 3442 margine
1101 3359 1294 3425 invenimus

343 3456 433 3520 albis
452 3456 590 3538 quidem
614 3457 674 3521 sed
697 3479 766 3522 non
789 3460 875 3523 satis
895 3460 1084 3523 nitentibus
1105 3460 1293 3523 utebantur

344 3555 528 3635 vestibus;
562 3556 752 3637 nigredinis
782 3564 897 3622 tamen
925 3564 987 3621 aut
1008 3558 1193 3640 cujuslibet
1219 3577 1293 3620 ma·

345 3653 433 3717 culae
467 3654 551 3717 nibil
587 3655 637 3718 eis
671 3656 853 3719 videbatur
881 3657 1006 3733 inesse,
1038 3656 1120 3720 licet
1149 3657 1292 3720 minoris

345 3752 460 3833 gratia
477 3752 636 3816 candoris
656 3753 835 3834 pollerent.
888 3755 986 3819 Inter
1003 3775 1090 3836 quos
1110 3755 1292 3837 plerosque

344 3850 430 3915 mihi
459 3851 589 3915 dudum
620 3859 720 3915 notos
751 3853 940 3934 conspexi3
973 3873 1052 3916 nam
1081 3853 1293 3920 abbatissam

344 3950 519 4031 quandam
549 3949 592 4013 de
616 3950 729 4031 poenis
755 3971 865 4034 nuper
889 3970 1065 4033 egressam
1092 3951 1218 4014 ibidem
1241 3972 1294 4016 re-

345 4049 504 4129 cognovi,
535 4066 613 4130 quae
639 4051 794 4133 vestibus
824 4050 1065 4126 immaculatis,
1093 4069 1214 4131 parum
1243 4058 1294 4114 ta-

343 4162 423 4209 men
455 4146 620 4225 candidis,
651 4151 838 4230 utebatur;
871 4150 1019 4231 priorem
1048 4148 1221 4230 quendam
1246 4149 1295 4213 ibi
