2970 5016
342 467 409 531 3³0
597 479 731 528 ucesiu
759 479 808 526 ns
831 477 1040 527 wnnuovnn

179 657 235 697 nn.
247 659 303 699 nn.
342 649 490 721 quenter
506 639 710 721 accepisset,
727 647 775 714 et,
794 637 888 720 quod
907 637 951 700 ad
972 655 1032 700 cos
1048 635 1168 699 venire
1185 635 1291 699 distu-

342 739 433 815 lerit,
454 759 522 802 non
542 738 759 802 mediocriter
777 737 978 818 increpatus
995 735 1133 810 suisset,
1149 735 1192 797 *in
1209 735 1293 798 sesto

342 839 455 901 sancti
478 837 662 901 Michaelis
681 844 835 900 castrum
852 835 896 899 de
918 834 1102 909 Bcalvero,
1123 835 1219 897 omni
1238 853 1295 914 ge-

343 956 424 1000 nere
443 937 646 1001 victualium
668 944 703 1000 et
721 954 895 999 armornm
914 935 1001 996 satis
1025 952 1202 1014 superque
1222 951 1293 995 mn·

343 1037 463 1110 nitnm,
483 1035 635 1100 fidelium
662 1054 804 1099 suorum
826 1032 994 1096 custodiae
1011 1032 1219 1113 deputavit3
1241 1031 1294 1095 de-

342 1134 422 1197 iude
455 1134 654 1197 Londonias
682 1134 825 1198 veniens
850 1151 929 1196 cum
961 1130 1096 1212 ingenti
1128 1131 1294 1194 baronum

342 1227 481 1296 laetifia¹
505 1239 689 1315 susceptus
710 1239 776 1308 est,
801 1232 875 1313 qui,
899 1231 1017 1294 statim
1040 1230 1294 1294 communicato

341 1331 499 1407 consilio,
516 1332 609 1395 viam
632 1331 706 1412 regi
724 1330 936 1413 praeludere
957 1328 1170 1409 cogitantes,
1187 1348 1232 1391 ne
1251 1348 1294 1393 ex

341 1437 443 1511 parte
466 1431 585 1512 aliqua
611 1431 643 1493 ei
669 1436 804 1511 pateret
829 1429 947 1492 aditus
973 1428 1177 1491 Londonias
1204 1428 1293 1491 obsi·

342 1529 458 1604 dendi,
488 1548 628 1592 manum
656 1528 806 1592 validam
836 1527 1027 1608 elegerunt,
1060 1526 1118 1589 cni
1150 1527 1294 1607 praefici·

342 1637 439 1691 cutes
457 1628 588 1691 dictum
608 1627 820 1691 Willelmum
841 1626 886 1689 de
903 1623 1085 1701 Albeueio,
1101 1633 1227 1707 utpote
1245 1626 1294 1687 vi·

343 1745 418 1788 rum
444 1728 560 1790 animo
589 1736 767 1789 strenuum
797 1726 895 1788 etin
920 1725 1022 1787 rebus
1048 1723 1182 1787 bellicis
1210 1725 1294 1788 satis

342 1834 537 1906 expertum,
557 1843 616 1888 eos
637 1825 681 1887 ad
703 1823 941 1905 occupandum
963 1821 1129 1885 Roffense
1152 1823 1293 1886 munici-

342 1924 438 2005 pium
460 1923 687 1988 destiuarunt.
740 1922 827 1985 Erat
845 1929 961 1985 antem
983 1921 1089 2003 paulo
1111 1930 1197 1986 ante
1219 1941 1293 1985 cas·

343 2027 434 2083 trum
454 2022 538 2085 illud
560 2041 582 2085 a
597 2041 679 2103 rege
699 2021 960 2103 archiepiscopo
977 2019 1188 2084 fiducialiter
1203 2040 1292 2084 com·

342 2119 498 2194 missum,
533 2129 760 2184 veruntamen
798 2138 869 2202 qna
909 2120 1124 2183 couscientia
1167 2121 1292 2196 nescio,

343 2215 515 2279 Dominus
546 2218 626 2294 scit,
661 2218 746 2281 illud
783 2218 888 2300 regiis
922 2216 1104 2281 tradiderit
1133 2219 1291 2282 inimicis.

343 2313 447 2392 Quod
482 2334 560 2378 oum
588 2315 735 2381 fuissent
763 2317 922 2397 ingressi,
946 2318 1157 2380 invenerunt
1182 2318 1292 2382 locum

343 2423 413 2476 non·
431 2414 542 2477 solum
561 2415 666 2478 armis
684 2422 721 2479 et
737 2415 923 2491 alimentis,
937 2434 1058 2479 verum
1075 2416 1184 2479 etiam
1202 2417 1291 2480 omni

341 2532 468 2594 genere
494 2515 674 2590 bonorum,
702 2521 831 2595 praeter
853 2513 916 2577 illa
940 2531 1018 2595 quae
1046 2533 1166 2578 seeum
1195 2514 1292 2579 detu-

341 2611 467 2688 lerant,
491 2613 708 2689 destitutum,
731 2612 822 2676 nude
843 2612 944 2675 multi
968 2613 1099 2675 nobiles
1120 2614 1292 2695 poeniteu·

341 2711 392 2773 tia
412 2710 508 2774 ducti
528 2719 679 2775 cestrum
701 2710 858 2774 deserere
878 2711 1100 2791 cogitabant3
1124 2712 1200 2789 sed,
1219 2712 1293 2776 hor·

342 2816 440 2871 tante
458 2809 634 2873 Willelmo
659 2810 702 2872 de
720 2809 890 2874 Albeneio
915 2818 951 2873 ct
967 2809 1100 2873 animos
1122 2813 1291 2875 sociorum

342 2908 385 2969 ad
408 2906 556 2971 virtutes
582 2928 717 2990 semper
742 2910 931 2985 animante,
955 2908 1112 2971 militiam
1138 2909 1293 2974 deserere

342 3024 410 3068 non
434 3006 536 3070 licere
562 3006 710 3084 dicebat,
738 3027 793 3085 ne,
818 3007 909 3090 quod
937 3008 986 3070 eis
1007 3027 1181 3070 summum
1204 3018 1301 3082 essct„

340 3106 575 3184 opprobrium,
586 3114 739 3189 ternpore
754 3107 1015 3171 nominarentur
1031 3107 1166 3170 militiae
1182 3108 1290 3171 deser·

341 3208 446 3265 tores.
497 3203 623 3286 Sicque
640 3225 772 3283 omnes,
789 3206 890 3270 dictis
908 3205 984 3288 ejus
1000 3205 1148 3269 viriliter
1164 3206 1208 3269 ad
1231 3207 1292 3268 mi·

340 3300 449 3364 litiam
477 3304 632 3380 animati,
652 3305 689 3367 in
711 3313 864 3369 castrum
886 3304 972 3367 illud
992 3323 1035 3367 ea
1059 3304 1136 3367 sola
1159 3307 1291 3369 victua·

340 3399 399 3476 lia,
416 3420 494 3481 qum
516 3401 552 3464 in
570 3403 653 3465 villa
670 3402 825 3467 Roffensi
844 3404 992 3485 reperire
1010 3411 1186 3483 poterant,
1202 3405 1290 3467 intu-

340 3498 475 3576 lerunt3
508 3507 555 3575 ot,
580 3520 656 3563 cum
689 3510 805 3564 essent
832 3500 958 3564 milites
990 3520 1134 3565 numero
1165 3504 1290 3585 septies

340 3597 465 3677 viginti
496 3618 575 3660 uum
602 3605 678 3661 tota
713 3600 854 3680 sequela
883 3618 958 3675 sua,
986 3619 1055 3662 non
1085 3602 1291 3683 suppetebat

339 3696 389 3757 cis
414 3697 578 3778 temporis
608 3697 758 3777 spatium
785 3716 855 3779 quo
885 3705 1027 3780 possent
1052 3699 1109 3762 vel
1139 3700 1289 3781 praedam

338 3793 373 3855 in
400 3795 578 3874 provincia
606 3815 709 3877 agere
732 3796 787 3860 vel
809 3797 846 3860 in
868 3797 986 3878 aliquo
1012 3796 1077 3859 sibi
1102 3799 1288 3862 munimine

339 3893 529 3972 providere.

581 4116 587 4146 ¹
600 4119 724 4183 letitia]
742 4120 785 4168 ‘ct
796 4112 960 4168 exultatioue'
970 4117 997 4165 iu
1010 4118 1041 4166 G.
