2970 5016
389 496 529 545 ruoans
554 497 821 546 ursroaraauu.
1016 480 1081 544 173

125 652 439 737 Rupe-Andcliaci,
467 655 559 736 quod
595 674 657 718 rex
687 655 884 719 Richardns
909 675 932 720 a
955 656 1078 719 funda·
1093 669 1215 710 aava·

124 754 250 817 mentis
287 762 543 830 construxerat,
578 754 639 816 sed
670 756 844 837 probitate
879 754 1009 837 Rogcri
1036 755 1080 819 de

125 852 227 917 Lasci
243 860 278 917 et
294 853 462 917 fidelitate
478 853 753 935 incomparabili,
777 855 833 917 cui
856 855 961 918 castri
984 853 1079 918 illius

124 952 235 1016 tutela
258 953 442 1017 commissa
464 953 590 1027 fuerat,
612 953 648 1015 in
671 953 732 1015 illa
754 952 931 1017 obsidione
956 973 1078 1036 parum

124 1049 283 1133 profecit,
314 1052 381 1114 nisi
405 1051 497 1133 quod
522 1051 671 1114 obsessis
699 1071 876 1133 egressum
902 1052 1078 1134 denegans

125 1150 315 1214 subsidium
333 1150 438 1215 vitale
463 1148 531 1212 illis
550 1151 735 1214 subtraxit.
789 1150 882 1214 Dum
903 1150 978 1214 haec
998 1145 1077 1214 ¹sic·

124 1250 200 1312 cine
225 1258 424 1331 agerentur,
453 1249 746 1330 Normannigenae
772 1250 912 1332 quidam
943 1269 965 1313 a
998 1270 1078 1331 rege

125 1346 320 1430 Anglorum
347 1350 486 1431 penitus
517 1358 746 1425 recesserunt,
773 1349 914 1431 qnidam
941 1350 973 1413 oi
998 1349 1077 1412 ficto

123 1447 356 1512 adhaeserunt.

194 1619 237 1685 Ut
253 1641 307 1685 roe
321 1620 477 1685 Jobonaee
490 1622 525 1685 in
540 1620 694 1705 Acyllam
709 1619 829 1683 oraim
844 1619 1014 1683 mosim

304 1721 474 1805 moenium
488 1743 510 1783 e
524 1717 721 1805 emanatione
737 1719 904 1783 ectmeerit.

177 1841 311 1906 Videns
330 1843 469 1907 tandem
492 1863 554 1907 rex
571 1843 593 1907 J
597 1843 749 1906 ohannes
770 1842 942 1907 desectum
964 1861 1078 1918 suum,
1090 1858 1146 1897 John
1157 1869 1227 1897 come·

125 1961 271 2023 seseque
289 1944 382 2007 omni
398 1942 539 2006 militari
562 1941 716 2005 subsidio
732 1942 950 2018 destitutum,
972 1962 1078 2005 naves
1091 1909 1218 2007 idle-'illlis'

126 2042 191 2103 sub
213 2041 391 2106 celeritate
413 2041 613 2106 conscendit
637 2043 731 2105 etin
756 2041 811 2104 die
834 2042 946 2104 sancti
972 2041 1079 2105 Nico·

127 2139 174 2202 lai
197 2141 289 2222 apud
312 2141 555 2206 Portesmutbe
577 2140 756 2222 applicuit.
811 2139 946 2204 Deinde
968 2139 1004 2202 in
1021 2161 1080 2204 co-

126 2239 227 2303 mites
254 2248 290 2303 et
321 2241 467 2304 barones
499 2241 698 2305 occasiones
726 2241 956 2322 praetendens,
986 2241 1078 2321 quod

126 2338 241 2420 ipsum
260 2339 350 2402 inter
371 2339 489 2403 hostes
508 2340 720 2421 reliquerant
737 2341 772 2402 in
790 2340 948 2421 partibus
964 2348 1078 2403 trans·

126 2437 281 2515 marinis,
305 2439 396 2502 unde
416 2438 560 2502 castella
585 2446 620 2502 et
639 2446 749 2502 terras
771 2457 853 2500 suas
876 2457 939 2521 pro
959 2458 1078 2501 corum

127 2536 262 2600 defectu
286 2538 462 2614 amiserat,
481 2532 589 2620 ²cepit
607 2538 717 2600 abeis
739 2537 920 2631 septimam
944 2545 1077 2618 partem

127 2624 279 2699 omnium
296 2638 473 2701 mobilium
490 2657 653 2715 suorum;
677 2656 739 2700 nee
754 2637 858 2699 etiam
876 2637 920 2698 ab
941 2634 1006 2698 bac
1022 2655 1076 2698 ra·

126 2736 210 2817 pina
228 2737 264 2799 in
281 2736 435 2801 ecclesiis
449 2736 735 2800 conventualibus
751 2735 806 2798 vel
823 2733 1077 2816 parochialibus

126 2853 250 2898 manus
276 2837 429 2900 coercuit
459 2836 639 2911 violentas,
668 2834 837 2916 siquidem
867 2833 989 2896 habuit
1014 2833 1078 2896 bu·

121 2933 182 3017 jus
205 2936 335 3018 rapinae
354 2944 557 2999 executores
580 2936 614 2998 in
634 2935 735 2997 rebus
753 2932 996 2997 ecclesiasticis
1012 2933 1077 2995 sci-

125 3033 207 3096 lieet
231 3034 441 3111 Hubertum,
463 3034 746 3099 Cantuariensem
769 3032 1076 3115 archiepiscopum,

126 3133 163 3195 in
193 3135 296 3198 rebus
328 3141 443 3198 autem
475 3134 574 3197 laicis
603 3132 808 3196 Gaufridum
840 3131 1076 3208 filium-Petri,
1148 3128 1153 3137 “

127 3230 266 3313 Angliae
277 3233 524 3318 justiciarium,
542 3233 654 3315 quiin
675 3232 879 3295 executione
891 3230 1078 3314 jamdicta

128 3331 214 3394 nulli
243 3340 480 3415 pepercerunt.
533 3332 614 3396 Rex
638 3350 719 3394 vero
747 3331 973 3406 Francorum,
999 3350 1077 3394 cum

128 3450 244 3512 regem
262 3431 455 3514 Anglorum
478 3450 500 3495 a
523 3432 680 3513 partibus
701 3430 939 3493 transmarinis
966 3449 1078 3491 reces-

127 3530 214 3594 sisse
238 3531 472 3614 cognovisset,
503 3530 656 3594 venitin
681 3529 880 3592 fortitudine
911 3527 1010 3608 gravi
1033 3527 1076 3589 ad

127 3630 284 3711 singulas
304 3630 462 3695 civitates
483 3638 518 3693 et
537 3628 682 3693 castella
703 3637 871 3692 terrarum
896 3624 1079 3708 praedicta·

126 3748 215 3807 rum,
248 3731 434 3794 ostendens
465 3730 599 3793 civibus
627 3737 662 3792 et
690 3726 889 3790 castellanis
915 3745 952 3788 se
975 3744 997 3787 a
1017 3723 1079 3787 do-

126 3827 221 3893 mino
245 3848 309 3894 suo
337 3829 410 3893 lore
437 3828 630 3892 derelictos
684 3826 872 3907 Proposuit
900 3825 1016 3899 ctiam,
1040 3842 1078 3887 se

161 3992 297 4062 meam]
315 3998 400 4048 ‘Sane
409 3998 416 4019 ’
426 3998 453 4047 in
466 4000 496 4049 C.
614 4002 640 4044 to
648 3996 738 4045 enable
746 3995 797 4042 him
810 4000 835 4043 to
847 3994 964 4043 continue
975 3991 1017 4041 the
1025 4005 1080 4039 war

614 4066 716 4127 against
733 4065 830 4125 Philip,
848 4064 949 4112 written
971 4064 997 4110 in
1015 4065 1079 4109 1202

160 4128 280 4200 ’Cepit.]
299 4133 398 4183 Lettere
409 4133 472 4183 from
484 4134 553 4183 John
564 4138 590 4182 to
615 4135 666 4184 and
678 4138 752 4195 lant,
769 4147 812 4183 are
830 4134 904 4195 given
920 4132 947 4180 in
963 4132 1005 4180 the
1022 4146 1080 4179 new

124 4202 168 4251 tbe
191 4201 334 4252 Cistercian
356 4203 446 4253 morke
473 4203 524 4253 and
548 4202 590 4252 the
615 4204 679 4254 edit.
695 4204 724 4253 oi
733 4204 837 4265 Rymer,
851 4202 915 4251 from
927 4201 969 4252 the
986 4202 1081 4252 Patent

125 4272 214 4334 clergy
224 4271 254 4345 ci
268 4272 382 4336 Ireland,
392 4273 485 4336 arklng
500 4287 591 4335 money
617 4273 698 4337 Belle,
708 4289 752 4336 pp.
765 4276 808 4335 86,
818 4276 860 4335 at,
870 4275 912 4321 9⁰.
