2970 5016
463 510 602 558 ruonss
626 510 894 558 ursuosmauu.
1085 495 1151 559 309

200 663 440 726 suetudinibus
463 665 548 740 suis,
574 672 635 728 aut
655 665 832 746 utlagatur
855 672 917 728 aut
940 664 1057 747 aliquo
1080 666 1149 729 alio
1162 683 1284 772 praru.

201 762 303 825 modo
336 763 548 840 destruatur,
582 782 645 827 nec
682 783 785 846 super
817 784 895 827 eum
930 763 1055 828 ibimus
1086 743 1246 829 necca'iii

200 880 278 922 eum
299 862 334 923 in
355 880 492 924 carcere
512 862 701 938 mittemus,
722 863 789 925 nisi
811 883 873 945 per
893 862 1005 944 legale
1020 863 1148 946 judici-

199 979 256 1021 um
280 961 414 1042 parium
436 979 578 1023 suorum
595 960 651 1024 vel
674 960 863 1043 perlegam
881 968 993 1025 terrae.
1048 962 1148 1026 Nulli

200 1057 398 1134 vendemuS,
423 1058 509 1120 nulli
534 1059 736 1139 negabimus
763 1067 825 1122 aut
844 1059 1050 1135 differemus
1076 1080 1148 1124 rec-

200 1163 274 1219 tum
290 1157 346 1220 vel
358 1155 545 1240 justitiam.
593 1161 722 1224 Omnes
737 1165 958 1234 mercatores,
975 1159 1041 1221 nisi
1058 1161 1145 1240 pub·

199 1255 264 1319 lice
284 1254 447 1338 prohibiti
466 1255 605 1332 suerint,
622 1256 772 1319 habeant
787 1256 920 1319 salvum
938 1265 974 1320 et
988 1277 1145 1322 securum

143 1436 147 1443 Ι
200 1354 294 1416 exire
318 1353 359 1417 de
377 1353 506 1435 Anglia
525 1362 560 1417 et
578 1356 695 1418 venire
717 1355 752 1417 in
773 1353 947 1436 Angliam,
967 1363 1001 1419 et
1018 1359 1145 1420 morari

199 1460 234 1515 et
244 1455 305 1529 ire,
318 1460 386 1516 tam
401 1472 462 1535 per
477 1460 602 1516 terram
616 1473 720 1535 quam
736 1472 798 1536 per
815 1471 953 1534 aquam,
969 1454 1013 1516 ad
1031 1474 1146 1518 emen-

198 1551 279 1613 dum
302 1553 357 1614 vel
380 1552 610 1628 vendendum,
632 1552 705 1615 sine
729 1553 887 1615 omnibus
911 1552 1006 1615 toltis
1032 1553 1145 1630 malis,

197 1669 259 1731 per
273 1651 434 1732 antiquas
445 1659 480 1714 et
493 1658 606 1715 rectas
619 1651 896 1726 eonsuetudines,
914 1658 1144 1733 praeterquam

196 1749 402 1832 intempore
422 1770 541 1814 werrae
562 1760 598 1814 et
619 1752 649 1813 si
672 1751 742 1813 sint
764 1750 807 1814 de
823 1759 917 1813 terra
937 1757 1058 1814 contra
1080 1770 1144 1814 nos

197 1849 364 1928 werrina3
392 1856 439 1925 et,
456 1851 485 1911 si
507 1850 594 1912 tales
617 1849 840 1913 inveniantur
859 1850 894 1911 in
913 1857 1005 1912 terra
1024 1857 1143 1913 nostra

197 1947 232 2008 in
255 1947 423 2030 principio
439 1968 569 2025 werrae,
584 1948 818 2012 attachientur
836 1947 909 2011 sine
925 1947 1051 2009 damno
1067 1967 1143 2011 cor·

196 2065 318 2126 porum
340 2047 394 2110 vel
426 2067 552 2124 rerum,
580 2048 689 2111 donec
718 2047 849 2111 sciatur
873 2065 895 2111 a
919 2046 1017 2109 nobis
1044 2047 1143 2112 vela

195 2145 338 2227 capitali
361 2146 559 2228 justiciario
588 2155 707 2210 nostro
733 2145 904 2228 quomodo
933 2152 1141 2210 mercatores

196 2250 296 2306 terrae
315 2252 443 2308 nostrae
463 2252 655 2309 tractentur
672 2246 707 2308 in
723 2253 816 2309 terra
834 2252 956 2308 contra
977 2264 1039 2307 nos
1058 2264 1142 2309 wer-

196 2343 285 2420 rina,
307 2350 354 2420 et,
370 2344 400 2407 si
420 2345 529 2407 nostri
550 2343 639 2407 salvi
661 2345 730 2407 sint
747 2345 806 2421 ibi,
828 2344 888 2407 alii
909 2342 997 2407 salvi
1019 2344 1141 2406 sintin

195 2446 287 2505 terra
303 2449 431 2505 nostra.
476 2443 513 2506 Si
528 2443 605 2524 quis
618 2441 768 2506 tenuerit
780 2443 822 2505 de
836 2442 953 2523 aliqua
967 2440 1140 2519 eschaeta,

194 2540 284 2605 sicut
307 2540 349 2604 de
371 2541 501 2605 honore
524 2540 817 2622 Walingesordiae,
844 2539 1022 2616 Bononiae,
1047 2539 1140 2602 Lan-

194 2640 341 2717 castriae‚
370 2639 597 2722 Notingham,
622 2640 743 2703 valde
770 2639 847 2702 aliis
870 2637 1038 2701 eschaetis
1061 2657 1140 2718 quae

193 2739 329 2802 suntin
350 2759 453 2802 manu
476 2747 595 2802 nostra
616 2747 650 2802 et
673 2739 743 2801 siut
765 2737 929 2812 baroniae,
952 2742 986 2799 et
1004 2736 1139 2814 obierit,

192 2836 302 2901 haeres
331 2839 406 2921 ejus
436 2857 506 2901 non
539 2837 598 2901 det
621 2836 713 2900 aliud
743 2837 920 2912 relevium,
945 2853 1008 2898 nec
1035 2835 1140 2899 faciat

194 2937 291 2999 nobis
329 2936 421 3000 aliud
453 2937 645 3013 servitium,
673 2956 776 3019 quam
807 2933 935 2999 laceret
958 2934 1078 2997 baroni
1110 2935 1140 2997 si

193 3035 254 3098 illa
272 3036 447 3117 [baronia]
470 3043 562 3098 esset
578 3036 614 3099 in
636 3055 740 3098 manu
762 3034 920 3113 baronis;
950 3041 984 3097 et
1002 3053 1065 3097 nos
1080 3053 1139 3096 eo-

192 3133 269 3197 dem
289 3133 391 3196 modo
411 3153 486 3197 eam
506 3135 707 3210 tenebimus,
724 3154 792 3216 quo
810 3135 894 3196 baro
914 3152 990 3196 eam
1007 3133 1138 3212 tenuit;

193 3253 256 3296 nec
274 3252 336 3295 nos
355 3235 536 3298 occasione
552 3233 633 3297 talis
651 3234 802 3296 baroniae
819 3232 873 3296 vel
892 3231 1063 3295 eschaetee
1080 3231 1141 3295 ha-

193 3333 348 3395 bebimus
376 3333 528 3414 aliquam
557 3332 754 3396 eschaetam
781 3331 836 3394 vel
857 3330 1049 3394 custodiam
1076 3329 1139 3392 ali-

192 3451 338 3513 quorum
361 3430 536 3493 hominum
560 3437 768 3508 nostrorum,
797 3429 863 3491 nisi
886 3428 968 3491 alibi
992 3428 1140 3490 tenuerit

192 3530 234 3593 de
260 3530 359 3593 uobis
381 3530 416 3592 in
446 3529 561 3612 capite
587 3529 645 3593 ille
669 3530 728 3612 qui
752 3529 861 3592 tenuit
883 3526 1060 3589 baroniam
1086 3527 1139 3589 vel

192 3628 401 3692 eschaetam.
455 3628 583 3691 Nullus
612 3628 699 3691 liber
726 3628 828 3690 homo
855 3626 897 3688 de
925 3632 1051 3687 caetero
1082 3624 1141 3688 det

193 3729 340 3809 amplius
358 3727 461 3792 alicui
478 3728 534 3790 vel
558 3726 685 3790 vendat
707 3726 859 3790 deterre
880 3742 957 3799 sua,
977 3741 1080 3805 quam
1101 3730 1141 3786 ut

192 3826 234 3889 de
257 3826 394 3889 residuo
413 3836 514 3889 terrae
532 3845 605 3889 suae
626 3825 737 3907 possit
755 3823 963 3887 sufficienter
981 3821 1055 3883 fieri
1078 3820 1140 3883 do·

192 3926 285 3989 mino
309 3925 400 3989 leodi
422 3925 600 3989 servitium
629 3925 661 3987 ei
683 3923 847 3998 debitum,
871 3920 963 4003 quod
990 3920 1141 4002 pertinet

193 4024 235 4087 ad
262 4024 399 4087 feodum
424 4024 523 4087 illud.
587 4022 716 4085 Omnes
743 4021 882 4104 patroni
911 4018 1140 4095 abbatiarum,

192 4124 251 4204 qui
281 4123 409 4186 habent
436 4123 575 4186 chartas
605 4140 724 4202 regum
749 4119 887 4200 Angliae
918 4118 961 4181 de
991 4115 1140 4179 advoca·

190 4221 294 4296 tione,
325 4222 380 4286 vel
409 4242 470 4304 per
502 4221 681 4302 antiquam
708 4226 865 4282 tenuram
891 4217 945 4280 vel
974 4216 1140 4298 possessi·

191 4340 305 4399 onem,
336 4320 487 4385 habeant
514 4339 630 4384 earum
663 4317 854 4384 custodiam
884 4334 963 4381 cum
992 4321 1138 4380 vacave-
