2970 5016
345 470 412 534 314
603 481 738 529 nonnul
761 481 810 527 ns
834 479 1041 529 wnunovnn

183 662 239 702 ln.
253 662 309 701 urs.
346 659 424 723 puS,
448 640 643 721 episcopus,
666 658 782 702 comes
803 637 859 700 vel
883 637 979 710 baro,
1001 635 1146 698 veniens
1170 631 1216 696 ad
1237 650 1297 694 nos

183 712 297 751 chundo

184 762 269 802 lueet&

347 759 410 822 per
433 738 635 802 mandatum
662 745 829 811 nostrum,
852 734 1030 799 transierit
1048 753 1112 816 per
1135 732 1296 795 forestam

347 844 516 913 nostram,
535 837 617 900 licet
639 835 691 899 illi
712 854 836 917 capere
858 853 965 897 unam
982 832 1038 895 vel
1059 833 1150 895 duas
1173 830 1298 895 bestias

347 956 410 1018 per
422 937 534 999 visum
551 935 723 999 forestarii
738 934 768 996 si
785 951 937 1016 praesens
951 931 1076 1009 fuerit;
1098 931 1156 993 sin
1172 938 1297 1004 autem,

348 1035 453 1098 iaciat
480 1035 628 1110 cornari,
656 1053 701 1096 ne
727 1032 886 1096 videatur
913 1031 978 1094 boc
1004 1029 1134 1093 furtive
1161 1028 1295 1104 sacere;

347 1135 431 1198 item
447 1133 529 1196 licet
545 1134 581 1196 in
596 1132 772 1196 redeundo
788 1131 878 1194 idem
902 1130 953 1194 eis
969 1130 1084 1192 facere
1101 1128 1195 1191 sicut
1211 1146 1297 1210 prae·

347 1233 557 1296 dictumest.
611 1231 860 1311 Unusquisque
879 1229 966 1293 liber
987 1228 1091 1291 homo
1110 1227 1155 1289 de
1174 1234 1297 1290 caetero

347 1332 423 1394 sine
447 1331 631 1395 occasione
655 1331 761 1393 faciat
784 1329 821 1391 in
846 1329 951 1391 bosco
976 1346 1041 1390 sno
1068 1325 1126 1390 vel
1147 1326 1185 1388 in
1207 1333 1296 1388 terra

348 1449 425 1506 sua,
446 1448 551 1512 quam
576 1429 681 1492 habet
701 1429 738 1491 in
765 1427 907 1502 foresta,
934 1426 1182 1498 molendinum,
1205 1425 1296 1487 viva·

349 1530 449 1605 rium,
477 1538 652 1610 stagnum,
677 1526 871 1602 marlcm,
896 1526 1065 1589 fossatum
1091 1524 1149 1587 vel
1172 1531 1296 1586 terram

348 1628 526 1703 arabilem,
551 1635 652 1691 extra
676 1633 879 1707 coopertum
904 1626 940 1687 in
967 1632 1059 1687 terra
1085 1621 1224 1697 arabili,
1250 1622 1296 1684 ita

348 1726 441 1808 quod
472 1746 541 1789 non
575 1727 622 1789 sit
648 1725 693 1789 ad
726 1732 969 1788 nocumentum
1003 1721 1155 1804 alicujus
1181 1720 1295 1784 vicini.

351 1826 600 1908 Unusquisque
626 1825 713 1887 liber
739 1824 843 1887 bomo
869 1823 996 1886 habeat
1022 1822 1056 1884 in
1086 1820 1204 1884 boscis
1228 1821 1295 1883 suis

350 1927 463 1989 aerias
485 1924 688 2006 accipitrum
706 1923 974 2005 spervariorum,
996 1921 1187 1995 falconum,
1204 1919 1297 2000 aqui-

350 2022 462 2085 larum
495 2031 531 2085 ct
561 2022 751 2098 beironum,
787 2030 824 2085 et
856 2022 1008 2084 babeant
1040 2017 1202 2082 similiter
1233 2016 1296 2079 mel

349 2121 441 2201 quod
473 2122 650 2184 inventum
679 2120 785 2184 suerit
811 2121 848 2182 in
878 2121 992 2183 boscis
1017 2117 1103 2181 suis.
1171 2116 1296 2180 Nullus

349 2218 551 2281 forestarius
569 2218 612 2280 de
633 2226 772 2295 caetero,
789 2219 849 2300 qui
873 2238 942 2281 non
963 2218 1010 2282 sit
1031 2217 1236 2281 forestarius
1256 2214 1296 2276 dc

350 2316 451 2379 feodo
480 2315 627 2379 reddens
659 2317 792 2380 firmam
829 2317 929 2381 nobis
960 2336 1023 2399 pro
1058 2314 1193 2379 ballivo
1224 2332 1296 2388 sua,

349 2416 465 2497 capiat
479 2415 730 2497 cheminagium
747 2416 877 2498 aliquid
893 2417 930 2480 in
946 2415 1075 2479 balliva
1088 2433 1175 2492 sua3
1194 2413 1297 2477 sores-

349 2515 459 2579 tarius
479 2522 596 2579 autem
615 2516 658 2579 de
679 2515 781 2579 scodo
800 2516 933 2578 firmam
954 2514 1099 2578 reddens
1120 2514 1222 2576 nobis
1237 2530 1296 2594 pro

349 2614 480 2677 balliva
510 2634 574 2677 sna
604 2615 722 2696 capiat
748 2614 1026 2695 cheminagium;
1058 2611 1206 2689 scilicet,
1237 2629 1296 2693 pro

349 2723 467 2777 careta
484 2733 546 2794 per
558 2712 733 2776 dimidium
752 2732 880 2775 annum
896 2713 985 2776 duos
1001 2712 1175 2788 denarios,
1192 2719 1228 2774 et
1239 2729 1298 2792 per

349 2811 454 2874 alium
479 2812 657 2875 dimidium
686 2832 816 2875 annum
843 2812 930 2875 duos
959 2811 1145 2887 denarios;
1177 2819 1214 2873 et
1237 2828 1296 2891 pro

349 2929 451 2992 equo,
473 2912 533 2991 qui
553 2919 671 2991 portat
689 2911 933 2992 summaginm,
953 2930 1014 2992 per
1034 2910 1217 2973 dimidium
1240 2927 1297 2971 an·

350 3028 432 3070 num
458 3026 565 3070 unum
587 3009 738 3086 obolum,
761 3018 797 3073 et
814 3030 875 3093 per
899 3009 1004 3073 alium
1029 3008 1209 3071 dimidium
1239 3026 1297 3070 an·

350 3125 431 3167 num
448 3125 554 3169 unum
570 3108 728 3188 obolum;
753 3116 788 3171 et
804 3109 941 3171 nonnisi
960 3109 1003 3171 de
1022 3107 1103 3183 illis,
1122 3108 1182 3188 qui
1200 3115 1297 3170 extra

349 3204 513 3269 ballivum
537 3225 635 3269 suam
656 3217 820 3291 tanquam
846 3214 1054 3270 mercatores
1074 3207 1223 3270 veniunt
1241 3225 1299 3287 pcr

349 3304 524 3370 licentiam
551 3325 649 3369 snam
674 3307 710 3369 in
740 3307 903 3369 ballivarn
932 3326 1043 3382 snam,
1073 3304 1118 3368 ad
1147 3307 1298 3378 buscam,

350 3404 573 3480 mciremium,
596 3406 757 3469 corticem
774 3406 828 3469 vel
851 3406 1034 3468 carbonem
1053 3404 1249 3480 emendum,
1267 3411 1299 3465 ct

349 3502 437 3565 alias
467 3503 660 3567 ducendum
692 3505 735 3567 ad
768 3503 984 3567 vendendum
1016 3503 1075 3566 ubi
1102 3503 1299 3579 voluerint;

349 3608 384 3664 ct
409 3603 452 3665 dc
481 3603 576 3665 nulla
606 3612 724 3666 careta
751 3602 820 3666 alia
848 3604 904 3667 vel
935 3603 1130 3684 summagio
1160 3601 1298 3684 aliquod

349 3699 601 3781 cheminagium
629 3703 800 3783 capiatur,
827 3710 862 3765 et
886 3696 972 3765 ¹nou
994 3701 1154 3784 capiatur
1175 3701 1300 3764 chemi-

350 3801 491 3879 nagium
525 3801 591 3863 nisi
624 3802 660 3863 in
690 3801 775 3864 locis
807 3802 876 3864 illis
906 3803 967 3865 ubi
998 3801 1193 3883 antiquitus
1225 3799 1299 3881 capi

349 3899 484 3962 solebat
498 3906 534 3962 et
548 3898 678 3963 debuit.
732 3899 789 3963 Illi
810 3888 940 3977 autem,
959 3901 1018 3982 qui
1039 3908 1182 3982 portant
1198 3919 1299 3981 snper

348 3996 488 4061 dorsum
523 4017 624 4061 sunm
654 3999 809 4077 buscam,
840 4000 1003 4064 corticem
1033 4001 1089 4063 vel
1118 4002 1299 4063 carbonem

505 4205 512 4237 ¹
526 4209 581 4256 Noa
593 4207 704 4271 cupiatur
714 4207 914 4274 cbrmiaugiumfl
932 4210 1045 4270 wanting
1057 4208 1082 4257 in
1097 4211 1127 4257 0.
