2970 5016
406 454 450 517 36
662 468 796 516 nocnar
822 470 868 515 nn
890 467 1096 516 wunnovaa

247 635 372 677 ΔΝΜ·
409 625 570 691 babebat.
617 625 700 689 Non
713 624 779 688 fuit
792 632 886 689 terra
903 624 1047 700 venalis,
1065 641 1170 707 quam
1189 643 1258 687 non
1271 642 1361 687 eme-

410 733 475 802 ret,
492 725 639 789 ecclesia
656 724 710 787 vel
729 725 870 788 abbatia
886 740 1027 799 vaccua,
1045 742 1147 804 quam
1173 742 1241 786 non
1264 722 1363 786 daret

412 831 473 888 aut
494 825 670 899 retineret,
692 821 851 886 custodia
873 822 1095 886 castellorum
1117 829 1179 884 aut
1202 821 1364 884 villarum

411 941 515 1005 quam
541 922 596 986 vel
623 927 717 985 metu
744 920 800 984 vel
832 921 944 1003 pretio
972 939 1040 984 non
1072 919 1264 997 obtineret;
1297 919 1363 982 biis

412 1028 528 1084 autem
550 1029 585 1085 et
607 1019 674 1083 hiis
695 1019 865 1083 similibus
884 1019 1002 1082 multis
1019 1026 1184 1082 terrorem
1206 1019 1363 1083 incussit.

368 1180 370 1185 ,
412 1119 517 1183 Siluit
537 1138 680 1201 regnum
699 1116 838 1199 Angliae
861 1135 884 1180 a
905 1116 993 1182 facie
1014 1117 1103 1200 ejus,
1128 1136 1191 1180 nec
1218 1116 1284 1179 fuit
1301 1115 1361 1199 qui

413 1219 700 1293 obmurmuraret,
723 1235 801 1280 cum
821 1216 888 1280 sibi
911 1217 947 1279 in
969 1213 1102 1297 Anglia
1127 1214 1212 1279 nibil
1234 1215 1278 1278 ad
1301 1235 1364 1279 ex·

413 1315 636 1398 pugnandum
656 1322 812 1379 restaret.
864 1313 1106 1397 Sequebantur
1122 1314 1220 1377 illum

536 1463 776 1521 Ambubaiarum¹
792 1461 920 1538 collegia,
929 1461 1164 1539 pharmacopola,

537 1558 673 1627 Mendici,
687 1558 793 1626 mimae,
808 1557 977 1626 balatrones,
991 1556 1047 1615 hoc
1059 1575 1150 1633 genus
1164 1575 1256 1625 omne,

414 1700 454 1757 ut
477 1693 529 1756 illi
554 1693 647 1756 omni
671 1692 879 1757 musicorum
908 1711 1033 1774 genere
1060 1700 1096 1755 et
1121 1691 1364 1757 modulationi·

414 1792 480 1854 bus
503 1811 627 1855 vocum
655 1792 903 1873 obsequeretur
929 1791 966 1854 in
993 1791 1105 1867 terris,
1132 1791 1222 1855 sicut
1250 1791 1365 1873 angeli

415 1889 529 1954 sancti
559 1889 787 1972 omnipotenti
813 1890 889 1955 Deo
918 1892 1157 1972 obsequuntur
1183 1890 1219 1952 iu
1242 1889 1363 1967 caelis3

416 1986 481 2052 boc
510 1996 626 2051 autem
657 1995 768 2053 totum
790 1990 884 2065 fecit,
906 1997 946 2052 ut
968 2008 1045 2052 cum
1072 1989 1222 2053 Domino
1244 2007 1266 2052 a
1289 1987 1366 2071 pari

415 2087 623 2151 contendere
639 2087 823 2165 videretur,
839 2088 900 2151 sed
919 2087 994 2150 baec
1013 2088 1129 2151 omnia
1144 2106 1246 2169 quem
1262 2086 1364 2150 finem

415 2185 487 2247 sint
501 2184 674 2262 habitura,
690 2205 838 2270 sequens
857 2185 988 2261 relatio,
1004 2206 1083 2250 cum
1100 2186 1134 2250 id
1151 2194 1287 2267 tempus
1304 2187 1365 2249 ob·

415 2282 545 2361 tulerit,
561 2304 629 2349 non
648 2286 803 2349 tacebit(

616 2457 666 2524 Do
679 2467 773 2523 morta
786 2457 953 2522 maltorum
967 2456 1057 2542 opud
1067 2457 1186 2522 Arion.

254 2585 377 2674 mg}
466 2576 570 2645 Anno
588 2581 780 2646 Dominicae
802 2581 996 2646 nativitatis
1017 2597 1160 2658 mcxcr„
1178 2589 1257 2664 post
1273 2601 1365 2646 mor·

253 2684 316 2774 ἦξε·
311 2684 403 2774 1,ζὲὧο
416 2683 485 2743 tem
503 2681 709 2745 venerabilis
725 2682 790 2746 viri
810 2680 1013 2757 Baldewini,
1028 2677 1288 2745 cantuariensis
1307 2700 1363 2744 ar·

415 2775 636 2862 cbicpiscopi,
659 2781 696 2843 in
726 2779 905 2845 obsidione
930 2777 1053 2843 Achon
1079 2772 1249 2843 ²defuncti
1280 2789 1364 2844 sunt

416 2877 548 2941 nobiles
565 2878 649 2941 etin
664 2880 756 2942 omni
774 2879 946 2961 probitate
965 2878 1100 2959 experti
1120 2879 1245 2941 milites
1267 2878 1365 2942 Ran-

415 2973 565 3057 dulphus
588 2976 631 3040 de
653 2975 832 3058 Fulgores,
854 2994 968 3040 comas
993 2975 1167 3040 Robertus
1189 2976 1363 3041 Pertioen-

416 3073 478 3149 sis,
497 3072 718 3137 Theobaldus
740 3076 928 3152 Blesensis‚
944 3094 1058 3139 comes
1080 3074 1276 3158 Stephanus
1292 3075 1363 3140 fra-

418 3176 472 3233 ter
498 3170 583 3253 ejus,
608 3191 723 3236 comes
754 3182 789 3239 et
818 3173 909 3237 filius
934 3174 1151 3255 imperatoris
1177 3173 1362 3252 Frederici,

417 3285 531 3333 comes
545 3269 587 3334 de
604 3271 784 3349 Ferrariis,
806 3291 920 3338 comes
942 3272 1117 3336 Robertus
1137 3271 1364 3355 Leycestreu·

417 3366 478 3443 ais,
495 3367 703 3452 Ranulphus
718 3372 761 3435 de
779 3370 968 3446 Glanvilla,
981 3370 1189 3452 Radulpbus
1206 3371 1249 3433 de
1263 3371 1365 3436 Alta·

417 3465 505 3549 ripa,
528 3468 789 3535 archidiaconus
812 3469 1093 3546 Coleocstrensis,
1116 3477 1152 3533 et
1180 3468 1239 3533 alii
1264 3470 1366 3534 innu-

416 3566 597 3635 merabiles
622 3586 700 3631 cum
729 3570 791 3647 eis,
817 3589 862 3633 ex
890 3568 980 3631 aeris
1004 3567 1112 3630 nimia
1133 3569 1366 3648 corruptione,

415 3671 455 3730 ut
482 3664 628 3744 dicuut;
657 3684 756 3748 reges
781 3687 861 3732 vero
887 3666 1100 3730 Francorum
1118 3673 1153 3729 et
1168 3664 1364 3747 Anglorum

414 3761 450 3825 in
479 3762 598 3830 Sicilia
629 3783 760 3828 moram
792 3766 948 3832 fecerunt
979 3764 1088 3828 donec
1117 3765 1251 3835 veniret
1276 3772 1364 3829 tem·

413 3879 479 3942 pus
507 3863 660 3939 vernale,
683 3883 752 3945 quo
781 3872 924 3947 possent
949 3851 1059 3929 tutius
1085 3863 1191 3931 maris
1212 3864 1368 3946 pericula
1465 3954 1469 3959 .

411 4095 429 4130 ¹·
442 4087 467 4133 ⁹·
898 4098 914 4132 a
937 4085 997 4146 long
1019 4085 1063 4134 list
1077 4084 1112 4165 ‘oi
1131 4084 1202 4132 those
1221 4084 1280 4133 who
1301 4085 1361 4134 died

447 4212 457 4241 ,
467 4214 584 4276 Mum
600 4224 657 4267 m
675 4218 789 4283 mim]
807 4219 873 4279 Cog-
898 4154 991 4286 :lpprqlpg
1002 4153 1044 4201 rba
1062 4166 1132 4214 stege
1142 4151 1172 4202 of
1179 4153 1256 4215 Aere,
1267 4169 1293 4215 p.
1305 4157 1364 4217 6³⁰,
