2970 5016
340 472 406 537 386
534 486 668 535 nocem
695 488 740 535 on
765 488 986 545 wascono.
1012 489 1089 536 nro.

180 662 234 702 nn.
245 663 301 703 ¹²¹⁶.
342 644 493 708 delatum
510 652 576 721 est,
598 654 633 708 et
649 645 683 708 in
706 646 852 708 ecclesia
866 644 1055 708 cathedrali
1071 646 1115 707 ab
1132 646 1298 726 episcopo

339 744 407 808 loci
433 743 618 807 honorifice
645 744 862 809 tumulatum.
915 744 1087 826 Tempore
1114 764 1197 807 vero
1225 765 1296 826 quo

339 842 432 925 apud
451 843 485 906 N
488 863 598 906 ewerc
613 844 702 907 idem
719 863 782 907 rex
805 845 890 907 mori
912 844 1108 924 incipiebat,
1120 853 1292 907 venerunt

338 942 478 1007 adeum
501 942 624 1006 ibidem
646 943 757 1006 nuntii
781 943 997 1024 quorundam
1017 944 1187 1005 baronum
1215 942 1288 1005 An-

339 1041 420 1124 gliae
436 1041 572 1106 circiter
593 1042 826 1124 quadraginta
847 1061 926 1105 cum
948 1041 1069 1117 literis,
1092 1044 1150 1122 qui
1171 1041 1289 1104 volue-

338 1148 421 1205 runt
432 1142 474 1204 ad
493 1160 613 1223 pacem
630 1143 721 1224 rogis
737 1140 867 1218 redire;
891 1140 951 1203 sed
968 1142 1051 1223 ipse,
1072 1142 1106 1202 in
1123 1143 1288 1204 extremis

338 1260 457 1322 agens,
475 1241 528 1303 his
543 1248 625 1305 tunc
641 1260 780 1323 operam
797 1241 880 1304 dare
896 1260 966 1304 non
983 1240 1110 1322 potuit.
1163 1240 1286 1320 Epita-

338 1340 456 1422 phium
481 1359 563 1405 vero
591 1348 627 1404 et
651 1340 839 1422 sepulturae
864 1339 940 1423 ejus
962 1340 1288 1422 superscriptionem

337 1440 476 1521 qnidam
491 1440 684 1522 composuit
696 1440 732 1503 in
748 1439 823 1504 haec
838 1440 944 1503 verba
959 1459 968 1517 ;

399 1580 487 1638 ‘Hoc
500 1581 529 1638 in
544 1580 718 1658 sarcophago
733 1580 867 1658 sepelitur
881 1580 956 1657 regis
971 1580 1074 1656 imago,

418 1677 476 1740 Qui
489 1679 612 1734 moriens
626 1678 747 1735 multum
762 1676 871 1734 sedavit
884 1676 913 1733 in
927 1676 995 1733 orbo
1009 1676 1176 1734 tumultum.

419 1771 507 1829 Hunc
520 1772 595 1830 mala
607 1781 672 1851 post
685 1783 806 1831 mortem
820 1773 905 1830 timor
915 1781 1003 1829 estne
1014 1771 1074 1829 fata
1089 1783 1253 1849 sequantur.

419 1869 476 1933 Qui
491 1869 561 1946 legis
576 1869 650 1939 haec,
663 1879 791 1927 metucns
805 1869 872 1926 dum
887 1870 978 1926 cernis
992 1876 1022 1925 te
1035 1870 1214 1937 moriturum,

419 1965 540 2024 Dicente
552 1965 620 2043 quid
634 1984 730 2022 rerum
744 1965 834 2043 pariat
848 1965 898 2022 tibi
913 1974 988 2022 meta
1001 1965 1131 2025 dierum!

340 2097 515 2179 Regnavit
539 2108 654 2163 autem
678 2119 739 2162 rex
759 2098 940 2163 Johannes
964 2103 1064 2165 annis
1087 2103 1292 2179 octodecim,

338 2198 513 2258 mensibus
530 2197 681 2279 quinque
697 2205 733 2261 et
749 2198 870 2262 diebus
888 2208 1046 2281 quatuor.

681 2996 775 3043 FlNlS
802 2997 880 3042 Voti.
907 2998 959 3044 ΙΙΙ.

758 4109 860 4144 hannon
868 4113 874 4145 t

604 4193 716 4228 rnm'nn
734 4192 766 4227 ΒΥ
785 4193 888 4228 annunt.
906 4194 1033 4237 mmm,

673 4259 757 4308 Banssor
766 4259 847 4309 Home,
856 4261 911 4301 Shoe
918 4261 983 4301 Lana.
