2970 5016
183 872 239 931 ap,
249 872 306 911 tris.

182 921 310 1012 m

343 458 412 522 dlss
604 466 740 516 noorai
763 465 812 512 ns
834 463 1041 511 umbem

387 614 431 677 Ut
445 636 500 677 rer
511 612 670 677 lolem
678 621 790 697 porta
804 609 929 694 Anqttae
941 606 1136 693 aquilonales
1142 615 1250 690 paens

553 734 658 775 mn
669 709 903 795 depopulationi
917 707 1084 770 roeooerit.

407 825 487 890 Rex
501 828 609 906 igitur
624 826 805 889 Jobannes
823 844 846 886 a
859 824 944 887 villa
961 823 1074 885 sancti
1094 820 1227 884 Albani
1246 840 1296 882 re·

344 925 471 989 cedem
502 925 605 988 duxit
635 945 752 988 secum
785 943 905 986 sersus
937 922 1136 1004 aquilonem
1159 918 1295 982 Willel·

345 1045 439 1088 mum
462 1025 622 1087 comitem
641 1023 878 1098 Albemarliae,
898 1021 1097 1102 Philippum
1122 1019 1167 1081 de
1192 1017 1296 1081 Albe·

345 1125 436 1199 neio,
455 1123 653 1186 iohannem
676 1120 958 1195 llusseballum,
980 1128 1076 1182 etex
1094 1116 1294 1198 regionibus

345 1223 586 1286 transmarinis
598 1215 804 1285 ¹Girardum
813 1220 856 1283 de
871 1215 1294 1294 Soteini,Godescballum

345 1340 424 1384 cum
441 1320 710 1384 flandrensibus
731 1328 768 1383 et
782 1319 971 1381 balistariis
993 1325 1029 1379 et
1044 1316 1126 1379 aliis
1147 1315 1295 1378 nationi·

345 1420 411 1482 bus
435 1421 617 1501 perversu,
639 1418 700 1500 qni
722 1438 785 1482 nec
808 1418 922 1480 Deum
944 1417 1127 1490 timebant,
1149 1434 1213 1478 nee
1236 1414 1294 1477 bo·

346 1520 457 1582 mines
485 1519 755 1594 reverebantnr3
790 1517 863 1598 qni,
887 1535 966 1579 eum
993 1522 1093 1578 nocte
1117 1513 1180 1576 illa
1204 1513 1293 1594 apud

346 1617 465 1680 villam
485 1617 528 1680 de
550 1616 768 1698 Dunestaple
790 1614 969 1697 paululum
990 1613 1194 1694 quievisset,
1214 1621 1294 1675 ante

346 1715 456 1778 lucem
483 1735 629 1797 surgens
652 1734 773 1778 versus
799 1713 1085 1778 Nortbantunum
1113 1712 1182 1774 iter
1208 1711 1294 1773 arri-

347 1816 434 1896 pnit,
454 1834 641 1896 omnesque
663 1813 784 1877 domos
804 1822 841 1876 et
855 1812 1002 1875 aedilicia
1024 1811 1194 1873 baronum
1212 1809 1293 1872 divi·

346 1915 395 1976 sis
417 1914 613 1995 agminibus
634 1913 876 1987 succendebat,
902 1910 1015 1993 spolia
1035 1929 1113 1973 cum
1138 1909 1294 1972 animali·

347 2013 411 2075 bus
436 2013 606 2094 rapiebat,
628 2020 734 2093 atque
750 2012 888 2074 obviam
904 2010 970 2072 sibi
991 2027 1141 2090 quaque
1163 2008 1293 2071 destru-

346 2129 409 2172 ens
431 2111 625 2173 miserabile
647 2109 880 2192 spectaculum
903 2109 1038 2172 cunctis
1061 2106 1137 2170 baec
1160 2107 1293 2170 intuen-

347 2208 440 2271 tibus
462 2209 660 2288 praebebat3
690 2217 738 2284 et,
765 2210 796 2271 si
819 2207 907 2271 sorte
933 2206 1007 2270 dies
1031 2205 1177 2269 malitie
1204 2206 1293 2286 regis

348 2325 418 2368 non
438 2305 607 2369 satisfecit
636 2306 681 2369 ad
706 2327 821 2370 rerum
847 2305 1108 2379 desolationem,
1131 2304 1293 2387 praeoepit

346 2425 409 2468 rex
424 2404 643 2468 incendiariis
660 2407 733 2468 suis
749 2425 851 2488 sepes
864 2406 901 2468 in
918 2405 1041 2467 itinere
1056 2402 1230 2486 villasque
1245 2403 1293 2466 in·

341 2503 438 2587 jecto
461 2504 542 2585 igue
560 2507 771 2582 comburere,
796 2513 835 2567 ut
855 2523 900 2567 ex
918 2503 1054 2566 damnis
1080 2502 1292 2566 inimicorum

346 2622 486 2667 suomm
509 2604 620 2667 visum
647 2623 748 2666 sunm
777 2603 901 2667 saltem
926 2602 1092 2677 reficeret,
1115 2601 1219 2666 etde
1244 2620 1293 2663 ra·

346 2703 430 2783 pina
446 2702 641 2784 iniquitatis
656 2702 833 2765 ministros
854 2720 942 2782 quos
964 2701 1113 2764 babebat
1128 2700 1294 2783 nequissi-

347 2820 422 2863 mos
437 2809 658 2865 sustentaret.
697 2801 801 2884 Capti
816 2810 899 2864 sunt
914 2819 1032 2863 omnes
1048 2800 1293 2882 cujuscumque

346 2907 462 2962 essent
480 2900 685 2963 conditionis
701 2901 757 2964 vel
775 2901 891 2963 aetatis
909 2899 1078 2975 homines,
1088 2899 1294 2981 quicumque

346 3005 448 3061 extra
462 3000 696 3061 coemeterium
713 3000 985 3082 reperiebantur,
994 3007 1030 3061 et
1040 2997 1148 3061 variis
1165 2998 1294 3061 crucia·

346 3097 439 3159 tibus
456 3097 575 3160 afflicti
591 3098 634 3160 ad
653 3099 894 3178 gravissimam
909 3096 1181 3178 redemptionem
1197 3115 1294 3177 coge-

346 3194 484 3258 bantur.
520 3195 722 3273 Castellani,
739 3197 851 3278 quiin
867 3197 1117 3260 munitionibus
1128 3196 1294 3259 baronum

346 3301 456 3370 erant,
478 3314 556 3358 cum
579 3296 765 3359 adventum
787 3297 879 3376 regis
901 3295 1161 3376 cognovissent,
1181 3302 1295 3357 castra

346 3412 458 3456 vacua
480 3394 711 3475 relinquentes
731 3394 775 3457 ad
797 3394 943 3458 latibula
963 3393 1207 3474 confugerunt,
1226 3393 1293 3455 vic·

347 3492 455 3554 tualia
480 3492 638 3557 hostibus
664 3493 986 3576 supervenientibus
1010 3511 1089 3554 cum
1112 3492 1236 3574 spoliis
1261 3499 1295 3555 et

346 3591 444 3654 varia
461 3592 689 3673 supellectilia
702 3593 920 3671 deserentes3
944 3611 1007 3654 rex
1024 3599 1153 3668 autem,
1169 3592 1206 3654 iu
1221 3609 1295 3654 cas·

346 3691 408 3752 tris
439 3692 559 3754 vacuis
587 3711 669 3754 suos
699 3692 890 3773 imponens,
913 3691 1015 3754 modo
1043 3690 1210 3772 praedicto
1233 3684 1246 3720 ²
1253 3690 1293 3752 ad

347 3787 563 3870 Nothingam
584 3809 693 3872 usque
713 3810 792 3854 cum
809 3791 1017 3855 satellitibus
1032 3791 1106 3853 suis
1121 3789 1293 3852 nefandis·

345 3888 440 3951 simis
456 3891 666 3969 properavit.

381 4033 690 4103 'GimrdnmdeSoteini.]
702 4041 806 4091 ‘Girar·
828 4036 948 4109 perunit]
968 4040 1295 4100 Hismarchismarkedby

343 4107 392 4154 dns
403 4108 435 4155 de
447 4108 607 4170 Soteugaine,
619 4109 782 4159 Flandrensis
790 4106 805 4172 ;‘
830 4111 873 4160 the
879 4111 1004 4172 itincrury
1011 4112 1084 4170 thus,
1095 4111 1221 4173 Newport
1229 4111 1295 4171 Pag-

344 4175 512 4238 Coggeshale,
523 4193 550 4239 p.
563 4182 620 4228 11⁰.
831 4181 891 4241 nell,
904 4180 1098 4241 Northsmpton,
1110 4179 1296 4241 Rockiugbam‚

377 4242 432 4294 'Ad
445 4246 597 4309 Notbiagnm
609 4264 682 4313 nsque
696 4285 702 4299 .
714 4285 721 4299 .
733 4285 738 4297 .
749 4265 806 4312 pro·
832 4250 928 4299 Melton
938 4251 1081 4310 Monam,
1094 4250 1269 4312 Nottingbam.
