2970 5016
346 447 412 513 342
601 459 736 508 nouam
760 457 809 506 nn
831 458 1040 507 wannovnn

183 633 264 724 μὴ
232 632 306 672 ¹²¹⁸·
349 618 495 701 singulis
514 618 707 693 collocatis,
731 615 825 680 iacto
847 616 944 697 prius
967 616 1111 698 abipso
1133 631 1228 697 papa
1244 634 1304 677 ex-

183 735 277 823 ”21¹¹
350 718 557 782 hortationis
578 735 748 792 sermone,
770 715 917 778 recitata
938 715 1073 777 suntin
1095 714 1200 794 pleno
1223 733 1306 778 con·

351 816 430 881 cilio
447 814 601 898 capitula
623 815 819 896 sexaginta,
842 833 921 896 quae
942 813 1021 876 aliis
1043 812 1233 894 placabilia
1252 819 1306 875 at·

352 935 420 998 que
440 915 518 979 aliis
544 914 750 978 videbantur
768 931 924 976 onerosa.
965 911 1121 975 Tandem
1138 911 1183 974 de
1200 931 1307 993 nego·

354 1015 404 1078 tio
422 1012 590 1076 crucifixi
612 1020 648 1076 et
663 1011 877 1095 subjectione
898 1018 1000 1074 terrae
1017 1019 1149 1075 sanctae
1165 1011 1308 1073 verbum

354 1111 611 1196 praedicationis
623 1129 770 1174 exorsus
787 1108 969 1193 subjunxit
978 1109 1109 1187 dicens,
1121 1102 1150 1143 ¹‘
1161 1108 1220 1173 Ad
1233 1109 1307 1172 haec

279 1234 282 1242 ·
356 1231 441 1275 sane
457 1209 581 1291 nequid
597 1210 633 1272 in
648 1209 788 1290 negotio
802 1207 825 1271 J
828 1227 890 1271 esu
902 1207 1033 1272 Christi
1048 1208 1090 1272 de
1106 1209 1309 1289 contingen·

357 1310 450 1374 tibus
467 1316 507 1372 nt
523 1328 592 1371 non
607 1308 800 1383 omittatur,
817 1307 978 1370 volumus
993 1306 1258 1383 emundamus,
1271 1314 1310 1370 nt

358 1407 578 1491 patriarchae,
593 1406 851 1488 archiepiscopi,
873 1405 1039 1488 episcopi,
1058 1407 1218 1482 abbates,
1239 1405 1309 1488 pri·

360 1526 438 1571 ores
458 1505 581 1582 etalii,
602 1507 663 1588 qui
683 1524 801 1569 curam
825 1505 984 1569 obtinent
1007 1505 1214 1581 animarum,
1238 1511 1310 1567 stu-

361 1606 456 1669 diose
483 1612 680 1687 proponant
705 1603 843 1686 populis
867 1603 933 1667 sibi
954 1604 1147 1667 commissis
1169 1604 1311 1668 verbum

361 1704 494 1781 crucis;
517 1705 738 1767 obsecrantes
755 1721 816 1783 per
834 1702 974 1766 Patrem
990 1709 1025 1765 et
1042 1702 1170 1765 Filium
1185 1709 1222 1766 et
1235 1702 1312 1785 Spi-

363 1803 467 1867 ritum
495 1800 673 1878 Sanctum,
699 1821 804 1864 unum
832 1801 958 1877 solnm,
987 1820 1119 1878 verm,
1146 1801 1312 1865 ueternum

365 1902 492 1978 Deum,
513 1920 626 1982 reges,
648 1900 766 1977 duces,
788 1901 975 1982 principes,
1002 1898 1233 1976 marchiones,
1258 1919 1313 1963 eo·

365 2002 467 2065 mites
498 2007 534 2064 et
566 2000 727 2075 barones,
763 1999 920 2080 aliosque
954 2006 1148 2080 magnates,
1181 2017 1311 2062 necnon

366 2097 563 2163 communia
580 2098 773 2174 civitatum,
789 2097 949 2161 villarum
972 2106 1008 2161 et
1022 2097 1242 2179 oppidorum,
1264 2105 1312 2173 nt,

365 2196 396 2259 si
433 2194 662 2276 personaliter
700 2213 769 2257 non
809 2197 1017 2261 accesserint
1049 2196 1085 2258 in
1123 2196 1313 2259 subsidium

366 2301 468 2358 terrae
495 2300 638 2368 sanctae,
661 2301 912 2376 competentem
937 2294 1117 2358 conferant
1137 2312 1315 2357 numerum

365 2393 572 2457 bellatorum
597 2411 674 2455 cum
696 2393 858 2474 expensis
880 2393 923 2456 ad
946 2394 1131 2456 triennium
1157 2412 1316 2458 necessa-

367 2492 429 2555 riis
442 2491 630 2555 secundum
645 2491 803 2573 proprias
820 2492 1017 2568 facultates,
1029 2493 1065 2555 in
1081 2493 1314 2558 remissionem

366 2597 589 2673 peccatorum
615 2609 768 2667 suornm,
790 2597 895 2672 prout
915 2591 952 2654 in
972 2591 1082 2655 literis
1096 2593 1316 2672 generalibus

368 2697 422 2753 est
437 2708 640 2770 expressum
653 2707 662 2767 ;
692 2690 752 2752 sed
771 2689 875 2753 etiam
891 2689 970 2753 illos
985 2688 1089 2772 hujus
1106 2691 1316 2755 remissionis

368 2788 529 2852 volumus
559 2807 635 2852 esse
665 2787 863 2870 participes,
891 2790 951 2871 qui
974 2794 1116 2870 propter
1141 2789 1208 2853 hoc
1233 2807 1317 2870 opus

370 2906 476 2950 naves
491 2886 697 2950 studuerunt
713 2887 894 2951 fabricare.
935 2887 1176 2951 Renueutibus
1190 2896 1317 2964 autem,

370 2992 406 3047 et
433 2984 464 3048 si
493 2986 552 3066 qui
582 2985 712 3065 ingrati
741 2984 880 3062 fuerint,
909 2992 1146 3067 protestentur
1169 2987 1250 3050 illos
1275 3005 1318 3049 ex

371 3089 470 3165 parte
502 3090 633 3158 nostra,
664 3091 704 3146 ut
728 3085 839 3148 sciant
867 3103 905 3148 se
933 3104 1038 3167 snper
1063 3085 1129 3148 hoc
1156 3085 1257 3150 nobis
1284 3085 1319 3148 in

372 3182 548 3244 tremendo
571 3180 718 3245 districti
736 3182 759 3246 J
764 3183 872 3247 udicis
894 3185 1054 3247 examine
1075 3203 1319 3267 responsuros;

372 3279 629 3344 considerantes
652 3290 767 3344 tamen
795 3284 892 3363 prius
916 3302 988 3365 qua
1008 3283 1234 3360 conscientia,
1252 3302 1320 3365 qua

373 3380 573 3456 securitate,
600 3399 798 3462 comparere
820 3388 983 3464 poterunt
1003 3401 1118 3445 coram
1140 3383 1319 3464 unigenito

374 3477 451 3541 Deo
468 3486 503 3542 et
516 3479 583 3542 Dei
600 3478 683 3555 filio,
699 3480 755 3541 cui
772 3478 880 3544 Pater
892 3481 1007 3544 omnia
1022 3481 1117 3545 dedit
1131 3481 1167 3544 in
1184 3500 1320 3557 manus,

373 3577 404 3639 si
426 3578 457 3640 ei
484 3597 547 3658 pro
569 3578 629 3642 illo
648 3577 826 3643 Crucifixo
849 3581 980 3644 servire
1001 3581 1177 3645 renuerint
1199 3582 1236 3644 in
1259 3580 1323 3644 boc

374 3677 527 3756 negotio,
543 3677 643 3758 quasi
657 3677 794 3759 proprie
805 3679 871 3741 sibi
885 3680 1044 3762 propri03
1067 3680 1168 3762 cnjus
1182 3698 1322 3743 munere

373 3775 508 3851 vivunt,
524 3775 625 3858 cujus
641 3776 807 3839 beneficio
830 3785 1080 3855 sustentantur,
1099 3778 1200 3862 cnjus
1218 3780 1321 3843 etiam

373 3874 542 3954 sangnine
564 3881 645 3937 sunt
670 3874 849 3958 redempti.
902 3876 979 3940 Nos
1000 3897 1083 3941 vero
1105 3878 1185 3941 aliis
1207 3897 1323 3941 exem·

374 3972 469 4053 plum
494 3975 647 4056 praebere
672 3974 827 4038 volentes
858 3976 1002 4057 triginta
1028 3977 1138 4040 millia
1160 3976 1323 4041 librarum

410 4144 467 4197 tle
486 4149 558 4213 lica]
583 4149 706 4210 Compare
725 4151 853 4215 Harduin,
869 4157 928 4202 tom.
950 4154 993 4203 vii.
1015 4154 1064 4203 col.
1082 4157 1123 4215 74,
1146 4153 1165 4204 l.
1188 4158 1236 4216 ¹⁰3
1257 4154 1324 4214 lloly

375 4216 472 4280 Warre,
484 4219 521 4270 iil.
533 4220 608 4280 chap.
619 4224 660 4269 lt.
