2970 5016
451 456 589 503 neonus
614 420 883 508 ursronrxnunr.
1100 446 1145 510 97

190 632 294 695 quam
317 612 466 695 lapidea,
489 634 604 696 regem
630 614 842 678 Francorum
868 623 903 679 et
922 615 1279 697 Mauricium,l.n.1=e.

190 710 480 777 Perticiaoensem
496 714 708 795 episcopum,
721 713 877 776 Parisins
889 726 1141 782 commorantes

190 830 258 873 non
280 830 401 892 parum
418 813 607 891 exterruit;
632 833 693 875 rex
715 819 830 875 autem
855 813 1022 894 palatium
1039 836 1138 880 suum

192 908 389 992 relinquens
406 920 442 975 et
458 911 565 974 filium
588 930 689 973 suum
711 910 923 975 Lodovicum
946 932 1063 977 secum
1085 934 1140 979 aa·

190 1027 329 1098 sumens
358 1009 451 1091 apud
481 1017 638 1073 sanctam
664 1008 877 1073 Genevesam
907 1014 1138 1092 pernoctavit,

191 1115 226 1170 et
240 1107 422 1190 episcopus
438 1109 529 1190 apud
547 1114 707 1170 sanctum
721 1107 912 1175 Victorem.

204 1279 253 1342 Dc
274 1280 388 1344 cismar
409 1280 534 1343 cuidam
555 1279 699 1343 mortecto
712 1280 806 1362 sacta
826 1280 863 1343 dc
878 1283 1066 1365 perpeterio
1088 1293 1116 1348 et

291 1378 364 1443 locis
372 1377 560 1464 penalibus,
576 1379 665 1462 cujus
679 1379 826 1462 inspectio
834 1380 985 1462 perutilis
1000 1391 1049 1444 est.

243 1500 345 1564 Circa
372 1502 445 1565 dies
467 1504 554 1566 istos
575 1501 764 1566 monachus
789 1501 929 1584 quidam
951 1503 1236 1572 Evesbam-nerenn

192 1600 285 1664 ensis
300 1599 448 1664 coenobii
463 1602 499 1664 in
522 1601 723 1683 languorem
746 1600 907 1663 decidens
928 1621 991 1683 per
1012 1572 1305 1667 annum‘r'ivi·¹r¹1¹2‘'l¹l¹.¹or

191 1699 363 1781 integrum
381 1708 417 1764 et
434 1707 504 1763 tres
528 1719 663 1764 menses
679 1699 871 1763 vehementi
893 1702 1048 1782 corporis
1069 1722 1140 1766 mo-

191 1797 294 1862 lestia
318 1799 524 1875 vexabatur,
550 1800 610 1881 qui
640 1798 707 1861 cibi
737 1806 909 1880 potusque
933 1800 1140 1865 abominati·

194 1916 294 1961 onem
319 1896 405 1961 adeo
433 1898 636 1973 incurrerat,
660 1904 700 1960 ut
723 1916 786 1978 per
807 1916 932 1960 novem
954 1899 1141 1982 aliquando

194 1996 267 2059 dies
285 1996 342 2058 vel
364 1995 513 2078 amplius
535 1994 584 2058 nil
606 2004 734 2077 praeter
755 1993 923 2059 modicam
950 2016 1052 2078 aquae
1081 2017 1140 2061 ca-

193 2094 273 2159 lidae
300 2094 491 2176 susciperet
517 2094 729 2176 portionem3
759 2093 855 2158 nulla
880 2094 912 2156 ei
930 2095 1138 2160 medicorum

193 2193 364 2257 industria
385 2192 525 2256 remedii
544 2193 728 2274 quicquam
747 2192 902 2256 conferre
919 2193 1044 2276 potuit,
1066 2195 1139 2271 sed,

193 2293 380 2374 quicquam
404 2291 585 2355 levaminis
606 2310 712 2354 causa
736 2291 768 2355 ei
790 2309 812 2357 a
833 2290 988 2373 quolibet
1009 2293 1140 2357 exhibi-

195 2399 269 2454 tum
287 2390 412 2468 fuerat,
429 2390 465 2452 in
484 2391 694 2454 contrarium
714 2390 925 2456 vertebatur.
978 2391 1141 2474 Langue-

195 2489 256 2555 bat
272 2489 379 2570 igitur
392 2490 561 2570 grabbato
575 2489 781 2553 decumbens
798 2494 834 2553 et
843 2488 972 2552 viribus
987 2491 1142 2572 corporis

196 2587 337 2652 nirnium
356 2587 562 2667 destitutus;
585 2588 662 2652 loco
682 2587 813 2651 moveri
837 2606 905 2650 non
928 2587 1054 2668 potnit,
1077 2589 1143 2651 nisi

195 2686 462 2751 ministrantium
479 2686 596 2750 labore
612 2686 788 2749 devectus.
825 2684 1030 2750 Imminente
1046 2685 1142 2748 deni·

196 2805 265 2868 que
288 2784 479 2848 Dominicae
505 2783 765 2849 resurrectionis
789 2781 857 2860 die,
883 2782 995 2847 levius
1017 2781 1144 2848 habere

196 2883 364 2967 incipiens
394 2903 456 2965 per
479 2884 601 2947 cellam
627 2882 836 2946 infirmorum
855 2881 996 2945 innixus
1019 2882 1144 2947 baculo

198 2981 400 3062 incedebat;
428 3000 574 3065 cumque
592 2981 731 3046 tandem
745 3000 816 3045 nox
834 2980 983 3057 adesset,
997 2981 1053 3044 cui
1070 2981 1144 3045 Do·

198 3080 334 3146 minicae
366 3100 476 3144 coenae
502 3081 575 3145 dies
601 3080 757 3162 proxime
778 3079 944 3158 succedit,
970 3079 1014 3143 ad
1036 3080 1146 3163 majo·

200 3199 272 3244 rem
295 3180 487 3257 basilicam,
510 3181 666 3243 nesciens
690 3178 814 3242 sivein
832 3197 974 3260 corpore
991 3180 1065 3243 sive
1083 3200 1145 3244 ex·

200 3286 256 3342 tra
279 3298 417 3361 corpus,
443 3297 580 3359 magnae
608 3277 803 3342 devotionis
828 3276 995 3341 instinctu
1022 3278 1145 3341 baculo

201 3377 347 3441 vehente
377 3377 552 3459 perrexit3
584 3377 654 3453 ubi,
678 3374 758 3439 dum
788 3383 980 3440 conventus
1010 3383 1146 3439 noctur·

199 3474 297 3538 nales
321 3474 363 3538 de
389 3476 637 3540 consuetudine
660 3474 780 3538 laudes
797 3474 948 3538 Domino
972 3473 1147 3553 persolve-

200 3575 274 3650 bat,
294 3581 427 3638 tantam
443 3574 569 3637 divinae
590 3572 819 3637 miserationis
837 3581 872 3636 et
888 3572 1010 3653 gratiae
1033 3569 1149 3634 caeles·

202 3673 247 3737 tis
264 3673 564 3754 compunctionem
586 3671 751 3754 percepit,
769 3678 808 3734 ut
822 3671 931 3752 ipsius
953 3676 1076 3732 sancta
1090 3668 1149 3731 de·

201 3771 298 3836 votio
330 3770 469 3836 modum
499 3771 665 3835 excedere
702 3768 890 3846 videretur,
920 3768 1011 3831 unde
1039 3786 1151 3831 neca

201 3869 339 3934 fletibus
357 3876 393 3932 et
409 3869 477 3934 Dei
501 3870 662 3934 laudibus
683 3886 705 3930 a
723 3867 838 3933 media
861 3866 972 3930 noctis
995 3864 1080 3928 hora
1095 3883 1152 3928 us·

200 3987 269 4050 que
293 3968 337 4030 ad
361 3976 498 4032 sextam
523 3969 590 4032 diei
618 3966 794 4048 sequentis
820 3965 941 4028 horam
972 3982 1010 4026 se
1037 3964 1152 4045 potuit

199 4067 390 4130 continere.
436 4067 534 4131 Tunc
559 4064 719 4130 accersiri
751 4062 795 4126 ad
822 4082 860 4126 se
886 4063 965 4126 fecit
991 4061 1078 4125 duos
1110 4060 1152 4123 de

201 4165 380 4241 iratribus,
403 4182 508 4228 unum
530 4171 610 4246 post
631 4163 790 4237 alterum,
813 4178 900 4243 quos
917 4159 984 4226 viri
999 4159 1153 4242 religiosi

253 4279 332 4325 vou.
357 4277 413 4326 111.
976 4276 1001 4322 u
