2970 5016
443 452 582 500 anonas
607 453 876 502 nrsronrnaun.
1076 437 1142 503 307

191 607 274 670 dum
302 609 481 686 moriatur,
505 617 541 673 et
564 610 755 673 vicecomes
778 609 834 673 vel
854 608 1002 673 ballivus
1025 620 1142 676 noster
1153 629 1209 669 nn.
1220 631 1276 669 nu.

190 707 309 769 literas
342 716 480 771 nostras
507 709 668 773 ostendat
688 716 847 790 patentes
870 709 911 770 de
937 680 1235 775 submoniti-&iffi

192 825 258 868 one
275 814 395 871 nostra
408 806 451 870 de
465 807 581 871 debito
595 807 687 889 qnod
699 806 883 870 defunctus
897 809 996 871 nobis
1010 808 1141 886 debuit,

192 905 296 968 liceat
313 906 508 970 vicecomiti
527 907 583 970 vel
605 906 735 969 ballivo
757 913 876 970 nostro
898 907 1090 971 attachiare
1106 917 1142 973 et

193 1003 397 1067 imbreviare
420 1004 548 1069 catalla
565 1005 719 1075 defuncti
741 1005 885 1067 inventa
903 1006 938 1068 in
962 1005 1050 1069 laico
1068 1007 1139 1071 feo·

193 1102 237 1165 do
265 1102 309 1164 ad
335 1103 521 1167 valentiam
546 1104 641 1167 illius
663 1103 769 1166 debiti
795 1123 857 1184 per
878 1104 991 1167 visum
1018 1104 1140 1187 legali·

193 1220 251 1262 nm
278 1200 467 1278 hominnm,
492 1203 544 1267 ita
565 1209 681 1266 tamen
706 1201 797 1283 quod
828 1201 913 1265 nihil
939 1203 1018 1266 inde
1046 1223 1141 1267 amo·

194 1307 316 1363 veatur
346 1299 455 1363 donec
487 1301 707 1382 persolvatur
736 1300 888 1364 debitum
919 1302 1017 1364 nobis
1048 1303 1140 1383 quod

193 1398 324 1461 clarum
342 1398 457 1476 suerit,
476 1406 512 1462 et
528 1400 701 1463 residuum
719 1394 942 1480 relinquatur
949 1401 1142 1464 executori·

194 1496 258 1559 bus
281 1495 324 1559 ad
354 1497 547 1561 faciendum
570 1504 815 1562 testamentum
838 1497 1013 1577 det'uncti3
1042 1507 1088 1574 et,
1110 1501 1141 1562 si

195 1595 244 1658 nil
272 1596 371 1659 nobis
403 1597 569 1681 debeatur
591 1598 635 1660 ab
669 1597 758 1678 ipso,
789 1597 905 1659 omnia
933 1597 1061 1660 catalla
1085 1617 1140 1660 ce·

195 1693 280 1756 dant
301 1694 476 1772 defuncto,
508 1696 616 1759 salvis
644 1695 746 1758 uxori
770 1696 845 1778 ejus
871 1703 906 1758 et
928 1695 1044 1776 pueris
1068 1697 1140 1759 suis
1153 1722 1166 1741 ·

194 1794 456 1858 rationabilibus
479 1795 635 1875 partibus
662 1794 746 1857 suis.
800 1793 929 1857 Nullus
956 1795 1141 1858 constabu-

194 1891 300 1954 larius
332 1893 387 1956 vel
423 1892 573 1956 ballivus
606 1912 689 1955 suns
722 1891 839 1972 capiat
861 1890 964 1955 blada
987 1891 1042 1955 vel
1072 1892 1142 1955 alia

194 1990 322 2054 catalla
342 1991 501 2074 alicujus,
521 1992 580 2073 qni
603 2010 671 2077 non
694 1990 740 2053 sit
754 1989 797 2052 de
812 1989 896 2052 villa
912 1991 971 2053 ubi
989 1999 1141 2053 castrum

194 2089 300 2152 situm
323 2091 381 2166 sit,
408 2073 475 2153 nisi
504 2090 623 2153 statim
651 2088 730 2151 inde
756 2087 879 2152 reddat
899 2087 1058 2151 denarios
1080 2098 1142 2153 aut

195 2197 389 2269 respectum
411 2188 489 2251 inde
516 2187 642 2251 babeat
662 2187 705 2250 de
728 2187 908 2250 voluntate
932 2187 1140 2265 venditoris3

194 2286 225 2348 si
245 2293 362 2349 autem
384 2287 426 2350 de
449 2286 533 2349 villa
559 2287 636 2368 ipsa
658 2286 775 2362 fuerit,
795 2285 885 2349 infra
911 2274 1142 2368 quadraginta

196 2383 270 2447 dies
291 2386 438 2466 pretinm
457 2385 590 2448 reddat.
644 2384 772 2448 Nullus
794 2384 1071 2448 constabularius
1091 2384 1143 2448 di·

195 2484 345 2565 stringat
367 2484 510 2547 militem
545 2483 693 2564 aliquem
720 2481 765 2545 ad
798 2480 949 2544 dandum
981 2482 1143 2545 denarios

197 2601 260 2663 pro
282 2583 442 2646 custodia
467 2582 586 2657 castri,
610 2583 639 2645 si
664 2582 739 2663 ipse
764 2598 841 2643 eam
863 2579 975 2642 facere
996 2579 1144 2643 voluerit

195 2681 231 2744 in
257 2682 397 2763 propria
418 2699 568 2763 persona
599 2698 676 2755 sna,
699 2678 754 2743 vel
782 2697 842 2759 por
864 2676 970 2740 alium
998 2678 1142 2759 probum

196 2777 379 2856 bominem,
408 2780 438 2843 si
471 2780 546 2861 ipse
578 2798 654 2842 eam
689 2777 802 2841 sacere
837 2795 906 2838 non
940 2777 1050 2858 possit
1082 2795 1143 2857 per

197 2879 434 2943 rationabilem
453 2897 619 2956 causam3
642 2886 690 2953 et,
706 2876 735 2939 si
752 2894 816 2939 nos
833 2874 1032 2938 duxerimus
1049 2867 1142 2937 ¹eum

197 2976 253 3040 vel
274 2978 468 3042 miserimus
489 2977 524 3041 in
546 2976 750 3052 exercitum,
767 2974 833 3038 erit
849 2974 987 3056 quietus
1005 2973 1048 3036 de
1068 2991 1144 3036 cus-

199 3076 304 3153 todia,
329 3076 517 3141 secundum
542 3075 772 3157 quantitatem
795 3073 960 3155 temporis
985 3091 1056 3153 quo
1085 3091 1146 3153 per

199 3193 261 3238 nos
292 3174 456 3239 fueritin
483 3174 651 3250 exercitu,
676 3173 719 3236 de
743 3172 843 3235 feodo
871 3191 935 3252 pro
965 3190 1035 3252 quo
1064 3170 1145 3234 fecit

198 3273 376 3337 servitium
401 3274 437 3337 in
462 3274 630 3337 exercitu.
692 3270 821 3335 Nullus
851 3269 1001 3333 ballivus
1029 3278 1147 3333 noster

199 3371 254 3434 vel
275 3372 467 3436 vicecomes
484 3372 540 3435 vel
564 3371 653 3434 alius
674 3370 790 3452 capiat
806 3386 914 3450 equos
934 3367 989 3430 vel
1011 3374 1146 3430 caretas

199 3470 346 3553 alicujus
371 3491 434 3553 pro
458 3470 611 3551 cariagio
637 3467 807 3542 iaciendo,
832 3466 897 3528 nisi
918 3464 1041 3527 reddat
1061 3464 1147 3527 libe-

199 3569 368 3632 rationem
394 3568 588 3652 antiquitus
614 3574 806 3643 statutam3
837 3562 980 3638 scilicet,
1001 3581 1065 3644 pro
1088 3581 1146 3624 ca·

199 3675 275 3731 reta
299 3667 345 3731 ad
373 3667 460 3732 duos
492 3686 599 3749 equos
624 3666 742 3729 decem
769 3662 930 3727 denarios
956 3680 1018 3742 per
1046 3660 1148 3735 diem,

199 3773 234 3829 et
254 3786 319 3848 pro
342 3774 460 3831 careta
482 3766 526 3830 ad
544 3774 615 3830 tres
636 3782 744 3846 equos
765 3760 1026 3843 quatuordecim
1044 3758 1148 3821 dena·

199 3864 269 3929 rios
293 3884 355 3947 per
376 3865 477 3930 diem.
532 3864 641 3928 Nulla
668 3867 786 3925 carata
807 3858 980 3925 dominica
1002 3855 1149 3938 alicujus

198 3964 443 4028 ecclesiasticae
475 3981 645 4045 personae,
673 3960 729 4024 vel
762 3957 894 4034 militis,
920 3956 975 4019 vel
1002 3954 1150 4037 alicujus

198 4062 360 4151 dominae,
389 4063 550 4144 capiatur
578 4080 641 4141 per
671 4058 820 4121 ballivos
849 4055 1056 4138 praedictos3
1088 4071 1151 4115 nec

418 4229 426 4262 ¹
436 4232 501 4281 Earn
512 4231 550 4280 vel
561 4221 721 4296 miserimus]
740 4224 853 4287 wanting
864 4223 890 4273 in
904 4224 933 4272 C.
1001 4303 1018 4337 x
1030 4295 1047 4340 οἱ
