2970 5016
411 475 550 523 anonas
573 475 842 524 rnsronrsnun.
1036 461 1097 523 151

185 707 235 770 Dc
241 704 466 790 predicatione
481 706 658 783 Eustachii,
675 704 795 771 obbatis
808 707 845 771 dc
858 707 950 784 Fiat,
968 728 1061 792 super

458 807 605 871 mndata
619 815 793 870 numerato.

199 906 305 994 (διιιὶι1
330 939 445 995 autem
467 929 664 1012 patriarcha
681 938 716 994 et
732 930 844 993 clerus
866 930 977 994 omnis
997 938 1098 994 terrae
1112 947 1138 1036 ss
1132 946 1236 1039 {2¹²⁰st

148 1039 279 1095 sanctae
303 1029 393 1092 hunc
414 1029 570 1112 epistolae
593 1037 745 1093 tenorem
768 1030 951 1112 diligenter
967 1030 1124 1094 exani--
1111 1049 1206 1085 ιιιιιιιι

150 1135 293 1192 nassent
315 1136 351 1192 et
374 1129 480 1192 verba
500 1146 579 1191 cum
599 1128 827 1192 admiratione
850 1129 980 1211 paritor
1001 1137 1037 1192 et
1055 1129 1098 1192 ti·
1111 1097 1176 1185 ιιιῗιογ
1169 1106 1233 1184 id'f'
1228 1106 1249 1134 ¹

150 1248 245 1292 more
269 1228 535 1303 intellexissent,
557 1228 730 1291 communi
753 1228 905 1291 omnium
931 1228 1099 1292 delibera-

151 1327 245 1391 tione
267 1327 441 1391 decretum
462 1334 527 1402 est,
544 1335 584 1390 ut
606 1327 753 1409 epistola
770 1327 813 1389 ad
832 1327 1002 1411 judicium
1026 1326 1098 1390 Ro·

151 1427 243 1490 mani
274 1426 447 1508 pontificis
473 1425 776 1502 transmitteretur,
797 1432 981 1507 quatenuS,
1004 1427 1100 1507 quic·

150 1525 234 1608 quid
252 1524 326 1607 ipse
346 1525 517 1606 agendum
538 1524 741 1601 decreverit,
761 1524 899 1606 placeat
918 1525 1100 1588 universis.

152 1625 309 1706 Cumque
329 1624 469 1687 tandem
494 1623 642 1706 epistola
664 1624 706 1687 ad
731 1623 860 1686 domiui
886 1642 986 1705 papae
1010 1623 1101 1687 noti·

151 1725 235 1787 tiam
261 1724 485 1806 pervenisset,
508 1723 673 1786 continuo
697 1722 940 1804 praedicatores
965 1723 1101 1786 ordina-

152 1824 218 1905 vit,
238 1822 297 1905 qui
320 1842 381 1904 per
397 1822 552 1885 diversas
572 1821 690 1884 mundi
714 1829 831 1903 partes
851 1821 995 1902 proiecti
1015 1841 1100 1904 prau-

152 1922 357 1986 dicaverunt
398 1921 525 2002 ubique
560 1920 717 2002 epistolae
750 1927 915 1996 tenorem,
952 1921 1102 1984 Domino

151 2029 361 2103 cooperante
383 2029 418 2084 et
442 2039 634 2083 sermonem
657 2039 774 2083 eorum
801 2019 1026 2083 confirmante
1047 2039 1101 2083 se-

152 2120 339 2203 quentibus
358 2118 489 2201 signis3
513 2119 605 2182 inter
626 2138 713 2201 quos
736 2120 842 2182 abbas
865 2118 907 2181 de
932 2118 1021 2195 Flai,
1041 2139 1103 2181 no-

153 2220 246 2282 mine
269 2219 490 2296 Eustachius,
507 2218 560 2281 vir
582 2217 764 2299 religiosus
787 2226 822 2282 et
844 2218 970 2282 literali
993 2219 1104 2281 scieu-

154 2320 204 2383 tia
228 2318 395 2395 eruditus,
424 2338 569 2399 regnum
595 2317 734 2397 Angliae
756 2336 953 2398 aggressus,
985 2318 1104 2381 multis

153 2417 279 2481 ibidem
308 2417 484 2480 miraculis
520 2417 727 2492 coruscavit,
760 2419 820 2499 qui
853 2435 922 2479 non
956 2416 1059 2498 longe
1082 2437 1103 2480 a

156 2518 299 2581 civitate
329 2517 585 2580 Dorobornensi
614 2516 793 2598 appulsus,
826 2515 863 2578 in
897 2515 991 2590 villa,
1025 2534 1104 2596 quae

154 2617 215 2681 Wi
245 2616 454 2699 appellatur,
485 2613 633 2679 officium
665 2614 920 2696 praedicatiouis
951 2614 1103 2694 incepit3

155 2735 303 2797 cumque
324 2716 454 2778 fontem
478 2714 649 2797 quendam
671 2713 797 2777 ibidem
820 2712 1009 2787 benedixit,
1033 2712 1106 2775 Do-

155 2815 270 2878 minus
294 2814 403 2897 ipsius
436 2814 567 2877 meritis
593 2820 724 2877 tautam
752 2813 788 2874 in
811 2831 853 2875 eo
878 2810 1005 2874 infudit
1027 2831 1106 2892 gra·

158 2915 253 2991 tiam,
270 2922 321 2991 ut,
341 2934 386 2977 ex
405 2912 481 2976 solo
501 2912 593 2976 illius
615 2920 732 2994 gustu,
751 2911 834 2974 caeci
849 2911 974 2986 visum,
993 2911 1106 2987 claudi

157 3033 326 3096 gressum,
348 3012 436 3075 muti
462 3012 647 3094 loquelam,
673 3019 709 3076 et
730 3011 827 3073 surdi
853 3010 987 3073 caelitus
1013 3029 1107 3073 rece·

157 3120 284 3195 perant
303 3112 472 3197 auditum,
495 3120 529 3175 et
548 3111 693 3193 quilibet
714 3110 836 3175 debilis
853 3129 898 3173 ex
917 3109 1012 3172 sonte
1030 3128 1107 3172 curn

158 3212 284 3276 fiducia
314 3212 434 3274 bibens
462 3211 604 3291 gavisus
629 3218 683 3274 est
709 3229 748 3272 se
779 3210 949 3291 recepisse
978 3209 1108 3273 sanita-

160 3321 242 3376 tem.
295 3310 404 3373 Venit
425 3310 545 3392 itaque
570 3309 615 3372 ad
644 3329 722 3371 eum
743 3308 865 3373 mulier
892 3308 1064 3390 quaedam,
1088 3328 1109 3371 a

160 3409 374 3474 daemonibus
407 3410 548 3472 obsessa
574 3415 610 3472 ct
638 3408 737 3490 quasi
770 3408 958 3491 hydropico
991 3408 1111 3470 morbo

160 3509 295 3586 inflata,
318 3516 440 3590 petens
460 3509 560 3572 abeo
576 3508 641 3570 sibi
665 3508 800 3570 restitui
824 3506 1032 3582 sanitatem3
1056 3507 1111 3568 cui

159 3609 230 3685 ille,
251 3607 420 3672 ‘Confide
436 3606 509 3670 filia
528 3615 564 3670 et
580 3606 668 3669 vade
691 3605 734 3669 ad
757 3605 932 3669 natatoria
948 3603 1053 3666 sontis
1069 3603 1112 3666 de

159 3708 232 3785 Wi,
258 3727 361 3791 quem
393 3705 570 3770 benedixit
600 3706 783 3781 Dominus,
812 3712 848 3769 et
876 3704 953 3766 bibe
984 3722 1029 3765 ex
1059 3722 1113 3779 eo,

161 3816 197 3871 et
226 3807 372 3889 recipies
403 3805 497 3869 illico
526 3801 753 3887 sospitatem!
809 3802 907 3865 Abiit
932 3801 1054 3864 mulier
1080 3809 1114 3865 et

156 3907 263 3991 juxta
286 3906 352 3969 viri
380 3904 447 3967 Dei
474 3906 606 3968 monita
635 3904 731 3977 bibit,
762 3910 867 3983 atque
893 3902 1052 3984 protinus
1078 3902 1115 3962 iu

160 4008 329 4070 vomitum
357 4004 541 4087 prorupit;
575 4004 634 4065 ubi
660 4003 808 4077 cunctis,
832 4001 891 4082 qui
917 4000 961 4062 ad
987 3999 1114 4062 sontem

199 4176 205 4204 ¹
220 4180 283 4228 Cum
294 4181 373 4225 uatem
384 4175 554 4239 miriarcha]
575 4175 627 4223 llo·
655 4174 722 4222 raclo
740 4171 860 4220 recorded
875 4173 907 4233 by
921 4173 962 4222 tlre
979 4188 1047 4226 sarna
1060 4174 1117 4220 wri-

162 4249 254 4311 redeu,
271 4264 297 4311 p.
311 4251 377 4307 8⁰43
395 4246 449 4295 also
467 4262 509 4296 see
526 4245 568 4294 lire
584 4246 629 4294 uri·
656 4249 703 4305 ter,
714 4258 740 4304 p.
752 4246 808 4291 821.
