2970 5016
339 465 405 529 ato
599 475 732 525 noorai
758 474 805 522 nn
828 472 1036 522 wurvnovun

179 653 300 693 arun.
341 640 457 696 menta
482 639 656 696 eteorum
683 638 843 713 patentes
867 630 987 694 literas
1008 628 1177 706 exhiberi,
1199 628 1293 711 quod

339 731 407 813 ipsi
426 731 601 795 bonafide
620 731 809 794 studebunt
822 737 866 793 ‘ut
882 729 957 793 bac
975 747 1046 812 pax
1067 736 1106 793 et
1122 729 1293 792 securitas

339 831 484 895 firmiter
496 831 719 908 observetur3
743 838 779 892 et
793 829 824 891 si
844 830 945 904 l'orte,
960 827 1053 910 quod
1071 828 1171 891 Deus
1192 846 1294 891 aver-

340 937 406 1005 tat,
441 949 503 1012 per
534 949 598 992 nos
632 929 727 1010 ipsos
756 927 811 991 vel
844 928 932 991 alios
960 927 1292 1003 contravenerimus,

340 1029 408 1110 ipsi
432 1048 496 1111 pro
517 1028 664 1092 ecclesia
685 1034 808 1091 contra
829 1026 1016 1090 violatores
1034 1026 1235 1090 securitatis
1257 1034 1292 1090 et

339 1128 437 1209 pacis
469 1127 640 1191 mandatis
669 1124 869 1208 apostolicis
898 1124 1128 1201 inhaerebunt,
1158 1143 1293 1206 nosque

340 1233 508 1309 perpetuo
527 1216 725 1290 vacantium
747 1224 968 1288 ecclesiarum
988 1223 1167 1287 custodias
1189 1225 1292 1287 amit-

341 1334 466 1390 tamus.
518 1324 621 1403 Quod
655 1325 686 1388 si
718 1323 806 1388 forte
835 1322 1092 1406 nequiverimus
1123 1322 1169 1385 ad
1200 1322 1292 1386 hanc

341 1425 499 1489 ultimam
513 1431 648 1506 partem
659 1423 848 1507 juramenti
864 1441 924 1486 eos
939 1421 1114 1498 inducere,
1129 1421 1292 1485 videlicet

341 1524 446 1606 quod,
467 1525 498 1587 si
517 1543 578 1605 per
602 1523 850 1604 nosmetipsos
870 1521 927 1585 vel
952 1521 1039 1584 alios
1062 1528 1291 1584 contravene-

342 1623 460 1699 rimus,
482 1623 549 1704 ipsi
574 1642 637 1704 pro
664 1621 810 1687 ecclesia
836 1628 958 1685 contra
981 1620 1171 1684 violatores
1195 1621 1292 1701 pacis

342 1730 378 1786 et
403 1721 600 1786 securitatis
628 1719 801 1784 mandatis
832 1719 1033 1801 apostolicis
1059 1717 1292 1796 inhaerebunt,

343 1840 406 1884 nos
434 1828 577 1903 propter
599 1820 665 1884 hoc
690 1819 828 1883 domino
849 1837 951 1901 papoe
975 1837 1017 1881 ac
1038 1818 1195 1882 ecclesiae
1217 1817 1292 1881 Ro·

343 1940 454 1984 manae
480 1939 541 2002 per
566 1927 704 1983 nostras
729 1926 888 2000 patentes
915 1917 1034 1981 literas
1059 1917 1291 1999 obligavimus

343 2039 443 2083 omne
458 2018 518 2102 jus
538 2025 756 2100 patronatus,
778 2016 870 2100 quod
892 2015 1059 2080 habemus
1080 2017 1118 2079 in
1137 2016 1292 2080 ecclesiis

343 2115 559 2197 Anglicanis.
605 2117 651 2179 Et
668 2118 718 2179 sic
732 2135 851 2179 omnes
865 2114 997 2191 literas,
1013 2134 1092 2197 quae
1110 2134 1174 2197 pro
1194 2134 1293 2178 secu-

343 2215 447 2278 ritate
466 2214 708 2303 praedictorum
729 2223 811 2279 suut
825 2213 1040 2290 exhibendae,
1059 2213 1215 2296 praeiatis
1236 2232 1293 2276 ar·

343 2313 561 2395 chlepiscopo
580 2321 616 2377 et
631 2314 803 2396 episcopis
824 2321 905 2377 ante
925 2332 1026 2376 suum
1042 2313 1235 2393 ingressum
1256 2313 1292 2375 in

343 2411 509 2494 Angliam
528 2413 813 2477 transmittemus.
865 2412 903 2476 Si
924 2430 1007 2478 vero
1030 2412 1131 2475 nobis
1151 2412 1292 2494 placue-

341 2513 399 2589 rit,
424 2531 517 2594 saepe
545 2511 639 2576 fatus
663 2512 941 2594 archiepiscopus
966 2518 1002 2575 et
1024 2510 1179 2593 episcopi
1202 2530 1292 2593 prae-

341 2613 496 2689 stabunt,
519 2612 617 2675 salvo
640 2610 771 2674 honore
796 2611 864 2674 Dei
888 2617 924 2674 et
943 2610 1111 2687 ecclesiae,
1127 2610 1292 2694 juratori·

343 2729 400 2774 am
417 2712 613 2776 cautionem
635 2718 671 2773 et
685 2710 924 2788 literatoriam,
944 2708 1036 2791 quod
1058 2710 1125 2791 ipsi
1148 2728 1211 2772 nec
1230 2728 1294 2791 per

343 2829 380 2872 se
403 2830 466 2873 nec
489 2829 551 2891 per
572 2809 678 2872 alium
704 2817 825 2873 contra
849 2828 1031 2891 personam
1060 2816 1212 2872 nostram
1236 2808 1291 2873 vel

343 2928 505 2972 coronam
523 2915 676 2972 nostram
692 2907 821 2990 aliquid
838 2909 1071 2984 attentabunt,
1090 2909 1190 2971 nobis
1204 2927 1292 2990 prae-

342 3006 471 3070 dictam
491 3006 542 3069 eis
559 3007 779 3071 securitatem
799 3015 835 3071 et
852 3026 972 3090 pacem
989 3007 1210 3071 servantibus
1229 3006 1292 3070 illi·

342 3106 472 3169 batam.
519 3105 573 3169 De
593 3106 720 3169 ablatis
739 3115 856 3170 autem
878 3107 1016 3189 plenam
1038 3107 1292 3170 restitutionem

343 3211 379 3267 et
394 3205 437 3268 de
454 3204 588 3269 damnis
608 3207 958 3289 recompensationem
978 3203 1203 3270 sufficientem
1220 3226 1293 3269 om·

343 3304 444 3366 nibus
471 3304 718 3387 impendemus,
741 3313 813 3368 tam
838 3305 972 3370 clericis
995 3325 1100 3388 quam
1123 3305 1222 3369 laicis
1248 3304 1292 3368 ad

342 3403 408 3466 hoc
434 3405 611 3485 negotium
634 3405 922 3486 pertingentibus,
947 3425 1014 3469 non
1041 3405 1155 3468 solum
1179 3424 1290 3469 rernm

342 3503 403 3566 sed
421 3504 572 3567 omniurn
592 3503 803 3580 libertatum,
823 3511 858 3568 et
876 3505 1055 3569 restitutas
1073 3505 1293 3568 conservabi-

342 3622 419 3665 mus
433 3603 610 3667 libertates
622 3624 631 3681 3
655 3602 913 3686 archiepiscopo
926 3603 1063 3686 quidem
1079 3613 1115 3667 et
1128 3604 1292 3686 episcopo

345 3701 577 3765 Lincolniensi
599 3722 621 3764 a
644 3710 796 3784 tempore
818 3721 891 3765 suae
910 3703 1194 3780 consecrationis,
1216 3703 1293 3767 aliis

343 3808 459 3864 autem
482 3821 504 3864 a
520 3808 674 3884 tempore
696 3801 877 3866 discordiae
896 3801 1081 3866 inchoatae.
1134 3801 1211 3866 Nec
1231 3803 1292 3866 oh·

341 3901 450 3965 stabit
471 3901 589 3982 aliqua
607 3901 723 3982 pactio
744 3902 801 3965 vel
820 3902 1001 3984 promissio
1021 3921 1082 3966 scu
1105 3903 1293 3978 concessio,

341 4018 411 4081 quo
434 4001 548 4063 miuus
568 4007 603 4062 et
623 4001 749 4064 damna
775 4010 1078 4084 recompensentur
1100 4007 1135 4065 et
1153 4003 1294 4066 restitu-

341 4107 445 4162 antur
465 4099 583 4163 ablata
599 4107 670 4163 tam
690 4100 848 4165 vivorum
866 4120 971 4184 quam
989 4108 1025 4165 et
1041 4099 1291 4166 defunctorum.

342 4196 418 4262 Nec
438 4199 568 4281 aliquid
591 4201 812 4265 retinebimus
837 4209 1011 4283 praetextu
1034 4200 1180 4276 servitii,
1202 4198 1292 4283 qnod
1362 4220 1367 4229 ·
