2970 5016
402 441 468 506 214
660 455 794 502 nocnnr
818 454 866 500 nn
888 452 1096 500 wannovna

244 636 299 677 in.
310 636 366 676 aar¹
405 616 575 679 riensibus
588 634 650 697 per
662 615 781 677 literas
803 613 838 676 in
855 614 985 677 virtute
1003 620 1136 676 sanctae
1149 611 1357 677 obedientiae

406 714 583 797 praecepit,
599 723 638 777 ut
656 713 953 795 archiepiscopum
973 711 1047 794 jam
1068 711 1198 775 dictum
1217 711 1253 774 in
1278 732 1359 794 pas-

407 823 517 877 torem
543 813 769 894 susciperent,
792 812 892 894 eique
917 812 954 874 in
979 810 1227 892 temporalibus
1254 811 1358 874 simul

407 919 443 976 et
474 912 711 993 spiritualibus
741 910 915 975 humiliter
944 909 1134 973 obedirent.
1200 907 1358 991 Cumque

408 1010 547 1074 tandem
566 1011 677 1074 literae
698 1009 828 1073 domini
853 1028 954 1091 papae
979 1008 1023 1072 ad
1051 1008 1144 1088 regis
1162 1007 1357 1088 Anglorum

408 1109 568 1173 notitiam
593 1108 843 1192 pervenissent,
864 1108 975 1172 iratus
989 1114 1044 1172 est
1060 1125 1123 1169 rex
1139 1107 1360 1172 vehementer

409 1207 452 1271 de
473 1208 688 1290 promotione
707 1206 865 1289 magistri
879 1206 1047 1289 Stephani
1064 1206 1195 1289 pariter
1209 1213 1245 1269 et
1263 1206 1357 1271 Nor-

409 1307 567 1372 wicensis
598 1308 805 1382 cassatione,
836 1307 1035 1389 crimenque
1074 1303 1279 1387 proditionis
1320 1307 1356 1369 in

410 1406 598 1469 monachos
629 1405 898 1470 Cantuarieuses
933 1403 1114 1469 refundere
1147 1405 1356 1484 satagebat3

408 1504 499 1568 dixit
527 1505 630 1581 enim,
655 1504 747 1587 quod
770 1505 807 1568 in
828 1503 1066 1588 praejudicium
1094 1521 1167 1566 suae
1187 1501 1359 1567 libertatis

410 1602 484 1666 sine
504 1604 612 1685 ipsius
627 1603 767 1667 licentia
783 1603 997 1685 suppriorem
1012 1621 1112 1666 snum
1122 1601 1312 1684 elegerant,
1325 1611 1360 1666 et

410 1702 642 1785 postmodum,
667 1709 707 1766 ut
728 1701 820 1784 quod
851 1702 941 1765 male
967 1708 1149 1783 gesserant
1167 1702 1267 1783 quasi
1292 1702 1357 1765 sibi

411 1800 654 1865 satisfaciendo
664 1800 859 1883 palliarent,
868 1801 1048 1882 elegerunt
1058 1801 1257 1883 episcopam
1269 1800 1359 1865 Nor-

411 1901 606 1977 wiceusem,
638 1907 674 1963 et
696 1900 877 1982 pecuniam
900 1898 943 1963 de
968 1899 1053 1963 fisco
1080 1900 1289 1981 accipientes
1314 1900 1358 1963 ad

411 1998 544 2061 itineris
560 2018 744 2080 expensas,
762 2006 800 2061 ut
817 1998 1019 2062 electionem
1038 1998 1081 2061 de
1102 1998 1264 2080 episcopo
1287 2019 1357 2061 me-

411 2104 546 2160 morato
562 2097 690 2161 factam
706 2097 798 2179 apud
816 2097 931 2161 sedem
949 2097 1174 2179 apostolicam
1194 2097 1360 2179 impetra·

411 2202 489 2257 rent
504 2195 711 2272 confirmari,
731 2196 767 2258 in
785 2196 959 2259 cumulum
978 2196 1172 2279 iniquitatis
1194 2215 1267 2260 suae
1288 2197 1358 2260 ele·

410 2300 537 2375 gerunt
561 2294 608 2357 ibi
631 2293 843 2376 Stephanum
868 2295 911 2358 de
938 2294 1157 2377 Langetune‚
1180 2295 1356 2359 inimicum

410 2411 511 2455 suum
533 2392 721 2474 publicum,
743 2413 890 2476 eumque
907 2394 1064 2458 fecerunt
1079 2394 1115 2458 in
1131 2393 1357 2477 archiepisco·

249 2511 374 2601 uffin-
411 2511 492 2574 pum
509 2494 714 2557 consecrari.
778 2493 937 2557 Obbane
956 2513 1094 2577 quoque
1110 2512 1250 2556 causam
1268 2494 1358 2557 idem

248 2562 368 2652 3311an
412 2611 475 2655 rex
507 2592 543 2654 in
574 2592 724 2656 furorem
758 2612 879 2656 versus
907 2599 943 2656 et
971 2592 1240 2674 indignationem
1265 2594 1359 2657 misit

247 2661 384 2712 cmm*
413 2689 600 2754 Falconem
631 2691 673 2755 de
702 2691 851 2755 Cantelu
884 2699 920 2755 et
951 2690 1143 2755 Henricum
1171 2691 1214 2754 de
1250 2692 1360 2756 Corn-

410 2789 512 2866 helle,
534 2790 660 2854 milites
684 2790 939 2854 crudelissimos
962 2798 998 2854 et
1014 2790 1240 2855 humanitatis
1259 2791 1357 2872 igna-

411 2907 480 2965 ros,
503 2908 580 2952 cum
604 2889 771 2952 ministris
790 2890 945 2965 armatis,
967 2898 1008 2953 ut
1023 2889 1209 2954 monachos
1225 2889 1358 2955 Cantu-

411 2987 575 3062 arienses,
602 2985 691 3050 sicut
713 2988 854 3053 crimine
876 2988 969 3052 laesae
995 2988 1190 3072 majestatis
1217 3009 1307 3064 reos,
1336 3010 1358 3053 a

410 3104 518 3165 regno
538 3083 677 3166 Angliae
703 3087 916 3169 expellerent
935 3087 991 3151 vel
1019 3087 1161 3169 capitali
1184 3091 1357 3153 sententia

411 3183 698 3263 condemnarent;
720 3185 771 3250 illi
794 3194 909 3251 autern
933 3186 1133 3250 mandatum
1153 3187 1283 3251 domini
1303 3189 1357 3251 sui

411 3301 480 3345 uon
511 3283 664 3364 segniter
695 3293 924 3368 exsequentes
953 3285 1179 3350 Cantuariam
1212 3286 1357 3369 profecti

409 3390 503 3459 sunt,
534 3390 569 3445 et
598 3383 737 3447 nudatis
769 3386 907 3448 ensibus
938 3386 1184 3448 monasterium
1210 3387 1358 3468 ingressi

409 3501 494 3545 voce
516 3482 646 3546 furiosa
671 3483 777 3565 priori
806 3491 841 3546 et
867 3483 1045 3547 monachis
1071 3504 1116 3548 ex
1137 3492 1238 3566 parte
1268 3487 1358 3566 regis

408 3589 659 3663 praeceperunt,
682 3589 733 3658 ut,
756 3582 851 3646 velut
872 3582 1065 3665 proditores
1094 3584 1199 3665 regiae
1230 3584 1357 3667 majes-

408 3681 502 3757 tatie,
524 3681 752 3745 incontinenti
780 3681 822 3744 de
846 3701 953 3763 regno
972 3680 1112 3764 Angliae
1135 3684 1284 3760 exirent,
1312 3691 1359 3761 et,

407 3778 438 3841 si
455 3778 519 3844 boc
535 3779 647 3844 facere
666 3780 867 3857 uoluissent,
890 3780 1147 3845 affirmaverunt
1163 3802 1241 3845 cam
1256 3783 1358 3866 jura-

406 3886 534 3954 mento,
556 3879 649 3961 quod
675 3881 753 3960 ipsi,
778 3881 907 3963 injecto
933 3881 1014 3962 igne
1037 3887 1108 3944 tam
1127 3881 1258 3964 inipso
1283 3902 1357 3946 mo-

405 3978 557 4041 nasterio
574 3997 678 4060 quam
693 3978 728 4041 in
753 3979 830 4043 aliis
852 3978 1009 4057 officinis,
1032 3999 1150 4044 omnes
1172 3980 1252 4044 illos
1278 4001 1357 4045 cum

404 4075 490 4157 ipsis
505 4077 659 4141 aedificiis
672 4087 941 4144 concremarent.
980 4080 1145 4144 Monachi
1159 4100 1239 4144 vero
1255 4081 1358 4144 nimis

404 4174 598 4240 inconsulte
631 4187 775 4259 agentes
806 4179 882 4243 sine
908 4178 1074 4243 violentia
1101 4188 1136 4244 et
1162 4181 1255 4244 omni
1283 4200 1357 4243 ma·
