2970 5016
340 446 408 512 298
592 460 727 508 nocnnr
752 459 800 506 nn
825 457 1032 506 wnunovnn

179 632 302 671 annu·
342 616 497 681 etmulti
521 613 601 694 alii3
634 615 692 679 isti
718 633 838 680 omncs
864 613 1037 697 conjurati
1066 621 1101 677 et
1123 612 1292 676 confoede-

342 717 410 781 rati
434 715 660 798 Stephanum,
678 715 963 779 Cantnariensem
987 712 1291 795 archiepiscopum,

341 815 528 897 capitalem
557 822 825 878 consentaneum
854 814 1057 878 habuerunt„
1119 812 1208 876 Erat
1233 831 1291 875 au·

342 923 412 979 tem
437 934 497 977 rex
521 908 582 977 ¹eo
606 921 761 997 tempore
784 913 878 996 apud
895 912 1070 976 Oxoniam
1092 920 1292 993 magnatum

344 1021 552 1097 exspectans
574 1012 775 1077 adventum.
828 1012 943 1094 Igitur
965 1012 1020 1076 die
1045 1011 1155 1075 Lunae
1177 1012 1293 1093 proxi·

343 1133 400 1176 mo
434 1121 515 1195 post
537 1120 682 1176 octavas
713 1111 859 1176 Paschae
881 1113 1028 1176 barones
1055 1112 1238 1174 memorati
1258 1111 1292 1173 in

343 1212 428 1278 villa
455 1211 499 1275 de
528 1210 735 1276 Brackeleia
762 1212 893 1294 pariter
914 1216 1171 1289 convenerunt;
1200 1210 1291 1292 qnod

343 1331 422 1375 cum
461 1319 554 1375 esset
584 1330 606 1374 a
641 1330 723 1392 rege
760 1318 986 1393 compertum,
1020 1310 1115 1374 misit
1148 1310 1192 1373 ad
1235 1329 1292 1373 eos

234 1449 239 1457 ·
343 1411 639 1493 archiepiscopum
678 1410 963 1474 Cantuariensem
1007 1419 1043 1474 et
1078 1408 1291 1472 Willelmnm

344 1509 614 1574 Mareschallum
643 1509 801 1573 comitem
834 1509 878 1573 de
909 1509 1080 1585 Penbroc,
1107 1527 1186 1571 cnm
1216 1509 1292 1572 aliis

343 1609 548 1691 quibusdam
573 1609 656 1673 viris
686 1609 924 1691 prudentibus,
952 1609 1133 1672 sciscitans
1159 1609 1204 1671 ab
1229 1608 1290 1684 eis,

344 1728 422 1790 quae
449 1715 565 1772 essent
590 1707 684 1789 leges
708 1715 743 1770 et
764 1708 942 1772 libertates
964 1726 1052 1790 quas
1078 1708 1290 1789 quaerebant.

344 1804 395 1871 At
421 1807 472 1870 illi
506 1807 636 1871 nuntiis
666 1806 856 1889 praelibatis
887 1805 1087 1871 schedulam
1118 1806 1291 1888 quandam

342 1913 583 1989 porrexerunt,
612 1925 691 1990 quae
717 1926 761 1970 ex
787 1913 887 1988 parte
909 1906 1061 1971 maxima
1083 1906 1180 1987 leges
1203 1906 1291 1969 anti-

343 2024 431 2086 quas
464 2006 623 2086 stregai
657 2004 923 2070 consuetudines
953 2005 1167 2082 continebat,
1200 2003 1289 2069 affir-

343 2111 478 2166 mantes
499 2104 605 2185 quod,
628 2104 694 2167 nisi
721 2123 782 2168 rex
805 2104 884 2168 illas
912 2104 1141 2169 incontinenti
1171 2123 1291 2168 conce·

344 2202 440 2265 deret
464 2209 500 2264 et
522 2203 628 2283 sigilli
657 2202 846 2266 munimine
876 2203 1107 2279 confirmaret,
1134 2203 1203 2285 ipsi
1233 2224 1293 2285 per

345 2301 539 2383 captionem
562 2308 755 2365 castrorum
783 2320 936 2380 suorum,
959 2309 1128 2367 terrarum
1156 2310 1192 2367 et
1214 2322 1292 2385 pos·

345 2399 548 2477 sessionum,
586 2400 700 2482 ipsum
740 2420 856 2483 regem
890 2402 1148 2484 compellerent,
1184 2401 1292 2466 donec

344 2518 450 2581 super
482 2499 669 2581 praemissis
701 2500 767 2564 sibi
800 2501 1017 2566 satisfaceret
1046 2508 1292 2583 competenter.

345 2600 445 2662 Tunc
471 2600 749 2681 archiepiscopus
771 2618 850 2662 cum
872 2601 976 2664 sociis
997 2600 1070 2664 suis
1093 2600 1292 2664 schedulam

344 2699 438 2761 illam
463 2699 506 2761 ad
530 2719 644 2779 regem
668 2698 824 2762 deserens
844 2699 997 2782 capitula
1017 2700 1156 2780 singula
1178 2719 1293 2763 coram

346 2799 421 2880 ipso
446 2798 643 2861 memoriter
669 2799 839 2863 recitavit.
892 2799 971 2863 Rex
995 2807 1123 2874 autem,
1140 2817 1219 2861 cum
1237 2818 1293 2861 ca·

346 2897 534 2980 pitulorum
554 2904 706 2960 tenorem
736 2897 978 2974 intellexisset,
1003 2916 1080 2961 cum
1108 2896 1295 2978 indignati·

347 3016 412 3059 one
435 2994 588 3058 maxima
610 2996 791 3060 subridens
814 2997 875 3073 ait,
898 2997 970 3060 ‘Et
987 3015 1095 3078 quare
1117 3015 1197 3059 cum
1219 2997 1293 3060 istis

346 3094 475 3176 iniquis
496 3094 735 3158 exactionibus
759 3097 903 3159 barones
929 3115 999 3159 non
1021 3095 1202 3178 postulant
1219 3117 1295 3177 reg·

348 3195 462 3257 numl
528 3192 633 3257 Vana
672 3193 778 3271 sunt,'
810 3195 935 3277 inquit,
967 3200 1028 3258 ‘et
1053 3195 1294 3276 superstitiosa

348 3311 426 3373 quae
454 3299 590 3375 petunt,
620 3313 683 3356 nec
710 3295 826 3375 aliquo
854 3294 1000 3357 rationis
1023 3294 1126 3358 titulo
1146 3294 1295 3359 lirlcinn-

343 3390 426 3456 tur!
483 3385 699 3456 ²Affirmavit
722 3393 859 3456 tandem
890 3412 969 3456 cum
993 3393 1194 3477 juramento
1216 3393 1295 3457 furi-

347 3490 496 3568 bundus,
532 3491 623 3573 quod
663 3510 836 3573 nunquam
869 3491 957 3555 tales
993 3492 1062 3556 illis
1092 3493 1296 3556 concederet

346 3589 536 3666 libertates,
560 3590 650 3653 unde
678 3591 752 3673 ipse
783 3590 973 3654 efficeretur
1006 3610 1139 3655 servus.
1193 3591 1296 3673 Capi-

347 3689 421 3752 tula
439 3709 579 3772 quoque
602 3689 717 3771 legum
739 3697 774 3753 et
793 3690 1005 3766 libertatum,
1026 3709 1104 3772 qnae
1126 3691 1176 3754 ihi
1199 3710 1295 3772 mag·

384 3862 390 3892 ¹
405 3866 442 3913 Eo
459 3869 562 3927 tempore
584 3864 647 3928 apud
666 3863 809 3928 oxoniam]
873 3861 1053 3931 'Affirnmoit.]
1070 3864 1101 3912 ln
1113 3865 1155 3914 the
1167 3865 1298 3915 Chronicle

346 3934 413 3982 That
423 3933 491 3983 John
501 3948 557 3982 was
573 3939 600 3981 at
611 3933 709 3982 Oxlord
725 3949 757 3982 on
768 3934 810 3983 the
837 3935 866 3984 ol
873 3935 980 3984 Mailros
991 3934 1041 3983 and
1052 3933 1095 3983 the
1103 3935 1240 3998 Waverley
1248 3936 1298 3984 An·

350 4004 408 4052 lsth
420 4003 494 4065 April
511 4004 537 4050 in
549 4002 599 4051 this
616 4018 677 4063 year
688 4018 728 4051 we
740 4003 810 4052 learn
837 4005 893 4053 nale
904 4006 946 4053 the
964 4005 1053 4054 reader
1063 4005 1118 4053 will
1131 4006 1184 4053 lind
1194 4005 1236 4055 the
1252 4006 1299 4053 ori·

348 4073 412 4121 from
423 4073 465 4121 the
483 4072 576 4121 Patent
593 4072 681 4133 nolle,
699 4087 742 4122 see
759 4074 810 4124 Mr.
838 4075 880 4137 gin
899 4074 928 4123 oi
948 4074 999 4122 this
1022 4075 1133 4137 quarrel,
1149 4080 1194 4124 not
1210 4073 1298 4124 indeed

350 4137 463 4203 Hardy's
480 4142 576 4192 Introd.
589 4158 615 4203 p.
626 4144 733 4192 xxxviii.
770 4145 811 4192 On
837 4159 896 4206 very
908 4143 1049 4193 difficultto
1060 4149 1169 4194 account
1179 4145 1227 4208 lor,
1237 4144 1297 4204 sully

349 4210 392 4260 the
414 4211 481 4260 nand
503 4212 535 4261 he
557 4226 612 4262 was
633 4218 660 4261 at
679 4213 721 4262 the
745 4212 811 4262 New
836 4212 938 4263 entered
950 4227 1026 4275 upon.

347 4280 459 4343 Temple.
678 4315 681 4322 ,
