2970 5016
346 456 413 522 350
602 470 737 520 socrui
760 472 808 519 nn
831 470 1039 521 wnunovn

184 642 308 685 sums.
348 637 402 692 tos
428 648 496 692 non
518 627 684 694 baberent
701 648 913 706 succursum,
934 628 1160 693 reddiderunt
1180 626 1296 691 castel-

346 727 417 791 lum
437 726 598 792 Falcasio
615 728 782 810 praedicto
800 735 925 811 quarto
942 746 1051 791 nonas
1066 727 1279 791 Decembris.

348 899 491 980 Qualiter
506 900 665 966 castellum
679 899 854 966 deBeloero
870 901 937 986 reci
947 898 1126 984 Artabrum
1142 898 1293 963 rudius

758 1000 875 1083 foer-it.

182 1136 239 1176 an.
250 1137 307 1179 ¹²¹⁶·
388 1122 494 1188 Anno
508 1123 633 1205 gratiae
648 1119 884 1202 uccxvr.,qui
895 1127 949 1184 est
959 1136 1072 1184 annus
1090 1120 1192 1201 regni
1207 1121 1293 1202 regis

181 1187 299 1277 m
343 1220 367 1285 J
370 1221 517 1285 ohannis
538 1220 693 1285 decimus
718 1227 875 1296 octavus,
895 1218 985 1283 idem
1004 1237 1068 1282 rex
1094 1219 1163 1282 suit
1184 1219 1221 1282 in
1241 1219 1292 1282 die

182 1285 256 1326 Μ’
344 1320 536 1384 Dominicae
553 1318 748 1383 nativitatis
769 1317 862 1400 apud
884 1325 1036 1381 castrum
1058 1316 1104 1380 de
1120 1316 1293 1398 Nothing·

343 1418 436 1496 bam,
457 1427 494 1483 et
508 1420 543 1482 in
560 1418 713 1482 crastino
734 1424 852 1480 castra
872 1435 1015 1480 movens
1037 1415 1082 1478 ad
1107 1415 1229 1479 villam
1252 1416 1291 1478 de

343 1516 484 1599 Langar
505 1517 601 1580 venit
628 1524 665 1579 et
689 1516 815 1580 ibidem
844 1515 1083 1597 pernoctavit3
1106 1533 1212 1578 mane
1236 1532 1290 1578 au-

342 1624 411 1679 tem
427 1616 532 1691 facto,
548 1616 643 1680 misit
658 1614 798 1679 nuntios
819 1614 990 1678 solemnes
1008 1613 1053 1676 ad
1077 1620 1233 1676 castrum
1250 1613 1291 1676 de

343 1713 504 1789 Belvero,
519 1720 555 1777 et
571 1715 616 1777 ab
628 1713 772 1777 inclusis
787 1712 870 1776 illud
888 1712 954 1775 sibi
968 1709 1064 1774 reddi
1085 1712 1192 1775 etiam
1215 1729 1288 1775 cum

342 1811 477 1893 [minis]
491 1812 621 1892 exegit.
655 1811 767 1875 Erant
778 1818 893 1875 autem
909 1810 1070 1874 custodes
1085 1810 1195 1873 castri
1207 1829 1288 1891 pre·

341 1909 424 1974 dicti
448 1910 617 1975 Nicolaus
638 1910 795 1987 clericus,
816 1909 907 1973 tilius
929 1907 1099 1972 Willelmi
1119 1907 1163 1971 de
1185 1907 1288 1972 Albe·

340 2009 431 2083 neio,
448 2008 646 2073 Willelmus
668 2008 711 2072 de
733 2007 899 2071 Stodbam
923 2014 960 2070 et
982 2006 1092 2087 Hngo
1114 2005 1159 2069 de
1183 2005 1286 2071 Char·

340 2106 447 2181 neles,
460 2106 600 2182 milites,
620 2108 680 2187 qui
696 2107 854 2188 protinus
868 2124 890 2168 a
905 2105 1200 2170 commilitonibus
1219 2106 1286 2169 suis

339 2204 521 2266 consilium
539 2205 788 2285 quaesiverunt,
804 2204 887 2287 quid
910 2203 977 2267 sibi
993 2203 1083 2268 foret
1097 2203 1285 2286 agendum

339 2300 468 2364 dictum
485 2320 633 2382 namque
647 2303 697 2364 eis
719 2311 795 2367 erat
814 2322 860 2367 ex
882 2309 981 2384 parte
1002 2302 1108 2382 regis,
1131 2303 1237 2384 qnod,
1258 2303 1286 2366 sl

340 2400 476 2463 unicam
503 2398 546 2463 de
575 2407 691 2464 castro
721 2400 894 2464 reddendo
925 2400 1068 2464 baberet
1095 2400 1286 2465 contradic·

339 2498 480 2574 tionem,
492 2497 550 2561 W.
567 2498 610 2562 de
623 2497 793 2563 Albeneio
809 2499 852 2561 de
864 2506 990 2563 caetero
1007 2518 1076 2562 non
1095 2499 1287 2563 comederet

338 2597 400 2659 sed
418 2603 529 2660 morte
543 2597 743 2678 turpissima
759 2596 953 2661 moriretur.
998 2597 1157 2660 Fuerunt
1172 2598 1286 2679 itaque

337 2694 480 2758 inclusis
496 2696 667 2776 angustiae
683 2695 845 2776 undique,
865 2695 998 2777 etquid
1021 2703 1169 2775 agerent
1191 2697 1285 2776 igno·

337 2795 485 2871 rabant3
515 2793 576 2856 sed
604 2801 720 2857 tamen
747 2793 919 2856 communi
943 2793 1095 2857 omnium
1119 2793 1284 2857 delibera·

338 2892 431 2955 tione
458 2891 494 2953 in
525 2891 590 2954 boc
620 2900 882 2966 consenserunt,
914 2898 953 2954 nt
978 2890 1155 2955 dominum
1185 2911 1282 2955 suum

336 2989 517 3052 castellum
544 2989 718 3053 reddendo
742 3009 764 3053 a
785 2997 897 3052 morte
919 2989 1150 3070 ignominiosa
1170 2992 1284 3072 potius

336 3087 534 3163 liberarent,
556 3108 661 3170 quam
684 3088 863 3152 retinendo
885 3087 1063 3151 domiuum
1084 3107 1187 3151 suum
1209 3108 1284 3153 cum

336 3184 412 3265 ipso
430 3194 544 3250 castro
558 3188 769 3251 amitterent.
821 3186 922 3249 Tunc
938 3186 1108 3250 Nicolaus
1120 3187 1164 3249 de
1180 3186 1284 3251 Albe·

337 3284 414 3347 uelo
446 3291 481 3346 et
511 3284 621 3365 Hugo
649 3285 693 3347 de
719 3284 920 3360 Obarneles,
950 3286 1137 3367 assumptis
1167 3305 1283 3349 secum

335 3382 469 3445 castelli
489 3383 657 3459 clavibus,
685 3383 779 3465 apud
805 3384 947 3464 Langar
966 3384 1144 3447 venientes
1164 3385 1209 3447 ad
1234 3404 1283 3449 re-

336 3499 414 3560 gem
443 3480 505 3543 tali
535 3480 731 3544 conditione
761 3482 940 3548 castellum
977 3481 1211 3558 reddiderunt,
1245 3489 1283 3545 ut

335 3596 413 3641 cum
442 3579 580 3642 domino
610 3598 674 3641 suo
701 3579 967 3644 misericorditer
991 3588 1122 3661 ageret,
1148 3589 1182 3645 et
1206 3582 1283 3663 ipsi,

334 3677 441 3741 salvis
453 3678 518 3740 sibi
536 3677 633 3758 equis
656 3684 691 3740 et
707 3680 824 3755 armis,
838 3681 903 3741 sub
920 3680 1134 3761 protectione
1148 3686 1184 3743 et
1197 3698 1281 3763 pace

334 3778 446 3839 securi
467 3783 718 3858 permanerent.
771 3777 851 3840 Rex
874 3784 991 3841 autem
1008 3779 1043 3841 in
1063 3780 1228 3853 crastino,
1248 3780 1282 3841 iu

333 3873 390 3936 die
406 3875 565 3939 videlicet
583 3875 695 3937 sancti
709 3873 733 3937 J
736 3874 880 3938 ohannis
895 3876 1131 3957 evangelistae,
1148 3877 1191 3940 ad
1207 3895 1281 3940 cas·

335 3972 453 4035 tellum
477 3974 617 4037 veniens
644 3973 787 4037 tradidit
808 3973 893 4037 illud
910 3973 1080 4038 Gausrido
1105 3975 1149 4038 de
1175 3976 1282 4039 Bute-

332 4071 414 4133 vllle
431 4079 467 4134 et
484 4071 637 4147 Olivero,
659 4070 823 4135 fratribus
845 4079 881 4135 et
899 4072 1038 4136 natione
1055 4071 1281 4137 Pictaviensi-

332 4168 409 4245 bus,
432 4178 576 4253 accepto
599 4171 643 4233 ab
661 4171 832 4246 omnibus,
850 4172 910 4252 qui
933 4172 968 4233 in
991 4171 1051 4236 illo
1069 4180 1183 4249 erant,
1199 4172 1280 4236 fide·
