2970 5016
351 451 395 516 30
612 468 746 517 noorai
770 469 817 517 ns
841 469 1048 518 wnuuovsn

187 641 312 685 snum·
351 629 477 692 bonam
510 635 754 709 pervenerunt,
788 627 1014 693 ascendentes
1050 647 1111 709 per
1146 626 1303 704 fluvium,

349 728 411 810 qui
436 727 557 809 Tagus
579 735 809 809 nuncupatur.
863 727 997 791 Deinde
1021 727 1304 809 archiepiscopus

351 826 553 904 Auriensis,
577 826 753 891 Robertus
778 827 821 890 de
852 826 1002 904 Sabulis,
1034 826 1230 891 Richardus
1258 826 1302 890 da

352 925 514 991 Canvilla
530 934 565 992 et
580 925 777 992 Willelmus
801 926 844 991 de
866 927 967 1003 Forz,
985 934 1205 991 transeuntes
1221 946 1300 990 cum

350 1027 492 1107 navigio
517 1027 609 1090 inter
623 1024 779 1090 Africam
804 1031 840 1090 et
867 1026 1088 1108 Hispaniam,
1111 1033 1192 1108 post
1215 1033 1301 1089 tem·

351 1133 505 1206 pestates
528 1124 696 1208 plurimas
718 1125 754 1188 in
777 1126 912 1190 octavis
940 1132 1071 1190 sanctae
1099 1124 1224 1188 Mariae
1255 1125 1298 1188 ad

351 1223 546 1290 Mamiliam
580 1232 810 1307 pervenerunt
839 1244 918 1287 cum
950 1232 1026 1289 toto
1057 1223 1199 1305 navigio
1235 1225 1300 1289 sibi

350 1325 555 1402 commisso;
585 1324 656 1401 ubi,
672 1323 866 1406 Anglorum
889 1344 971 1405 rege
993 1312 1147 1399 invento,
1169 1343 1300 1388 moram

350 1421 505 1488 fecerunt
537 1433 680 1507 propter
708 1423 877 1506 quosdam
913 1425 1054 1487 navium
1088 1424 1300 1487 necessarios

349 1530 550 1606 apparatus.

399 1697 443 1762 Ut
457 1699 672 1776 Belmina,
691 1699 926 1764 Oontuare'onsis
942 1699 1199 1784 archiepiscopos,
1213 1708 1241 1762 et

481 1799 611 1883 quidam
625 1799 687 1864 olii
700 1799 789 1885 apud
807 1799 925 1881 Tyrum
941 1798 1170 1886 applicuerunt.

185 1931 298 1972 Themi·
400 1921 530 1986 Eodem
563 1928 717 2003 tempore
751 1914 1005 1997 ¹Baldewinus,
1040 1920 1300 1986 cantuariensis

186 1981 317 2080 'elma
349 2021 640 2102 archiepiscopus,
666 2019 847 2084 Hubertus
870 2020 1145 2096 saresbiriensis,
1165 2029 1201 2084 et
1226 2021 1300 2085 Ra-

185 2081 319 2180 lffcl‘lll'e·
349 2119 499 2201 nulphus
530 2119 573 2184 de
607 2117 798 2196 Glanvilla,
825 2120 999 2203 quondam
1033 2119 1172 2202 Angliae
1192 2119 1299 2203 justi·

349 2219 488 2296 diarius,
510 2219 569 2301 qui
598 2226 838 2300 praevenerant
870 2239 986 2302 regem
1016 2218 1153 2301 Anglioe
1180 2239 1301 2283 versus

350 2318 643 2403 Hierosolymam,
669 2317 791 2383 itinere
813 2326 909 2383 recto
932 2319 1113 2384 tendentes
1145 2337 1166 2381 a
1195 2319 1298 2382 sinis·

349 2425 403 2482 tro
430 2418 584 2483 Siciliam
608 2418 832 2500 reliquerunt,
854 2426 890 2482 et
912 2426 992 2500 post
1014 2416 1167 2500 pericula
1188 2417 1299 2482 multa

349 2517 489 2583 tandem
511 2517 603 2582 circa
620 2517 745 2582 festum
772 2518 884 2582 sancti
907 2517 1091 2582 Michaelis
1115 2517 1207 2600 apud
1229 2517 1301 2602 Ty-

348 2637 424 2681 rum
454 2617 706 2700 applicuerunt.
762 2610 803 2680 Ἰ
806 2615 960 2681 ohannes
992 2637 1086 2694 vero,
1116 2619 1300 2699 episcopus

349 2717 596 2793 Norwicensis‚
625 2735 751 2799 papam
779 2716 877 2793 adiit,
905 2722 952 2793 et,
976 2724 1120 2799 accepta
1147 2717 1298 2793 licentia,

348 2816 568 2881 Dominicam
591 2817 639 2880 ibi
662 2835 798 2880 crucem
821 2814 981 2898 deposuit
1008 2824 1043 2881 et
1067 2816 1117 2880 sic
1143 2809 1298 2881 ³sacellis

346 2916 526 2981 evacuatis
543 2915 585 2978 ad
604 2913 769 2996 Angliam
787 2915 889 2979 rediit
902 2915 1095 2980 absolutus.

365 3151 367 3155 Α
468 3090 516 3152 De
531 3090 673 3172 conflictu
690 3089 771 3153 inter
788 3112 869 3177 repes
884 3091 973 3176 epod
986 3092 1175 3156 Messanam.

185 3236 295 3277 nicoma
406 3212 537 3277 Eodem
579 3220 733 3296 tempore
773 3234 836 3279 rex
871 3216 1081 3280 Francorum
1114 3215 1297 3299 Philippus

183 3287 320 3377 lidii?
345 3312 478 3375 decimo
509 3321 611 3377 sexto
643 3312 811 3380 kalendas
843 3315 1005 3380 Octobris
1035 3316 1128 3397 apud
1160 3316 1296 3380 Messa·

346 3431 425 3475 nam
443 3413 623 3495 applicuit,
650 3421 686 3477 et
703 3413 900 3496 hospitatus
921 3423 974 3479 cst
994 3415 1030 3478 in
1051 3405 1184 3497 palalio
1204 3416 1296 3496 regis

345 3511 543 3590 Tancredi3
583 3532 645 3576 rex
680 3533 762 3577 vero
795 3507 1012 3578 ‘Richardus
1050 3516 1297 3598 superveniens

345 3631 437 3676 nono
462 3610 631 3676 kalendas
656 3612 810 3696 ejusdem
834 3615 962 3679 mensis
988 3614 1182 3694 ingressum
1209 3614 1295 3677 civi-

380 3808 574 3876 ¹Br1dewimJ
586 3812 740 3875 Dicetaool.
748 3818 806 3864 656.
835 3814 875 3864 hir
888 3819 983 3879 retum,
996 3816 1103 3865 ordered
1119 3817 1170 3865 him
1182 3821 1207 3864 to
1219 3831 1296 3879 pays

378 3876 539 3949 Uoltum]
563 3883 617 3931 The
632 3897 710 3932 cause
727 3883 756 3932 oi
769 3883 809 3932 his
833 3884 959 3933 thousand
966 3885 1052 3934 marks
1059 3900 1088 3934 aa
1098 3886 1170 3935 adue
1179 3900 1187 3944 ;
1204 3891 1295 3947 phos.

343 3949 809 4014 goinghome,aceordingtoDevines‚
868 3951 1010 4018 'Saeuisd
1028 3955 1171 4016 ‘cillenia'
1184 3956 1215 4003 C.

343 4034 398 4069 was
408 4020 464 4069 that
474 4020 506 4070 ha
520 4021 572 4071 had
588 4022 651 4072 bern
668 4022 808 4083 plundercd
868 4021 1027 4074 ⁴liichcrdru
1041 4024 1231 4088 ammiras]
1252 4024 1298 4073 lli-

342 4090 369 4137 in
393 4089 534 4152 Burgundy
556 4091 585 4140 oi
600 4093 635 4141 all
657 4091 698 4141 his
717 4094 807 4154 equip-
832 4089 932 4143 chard’s
950 4109 1068 4156 progress
1089 4100 1115 4143 to
1139 4095 1254 4144 Massiua
1274 4095 1296 4142 is

342 4164 439 4218 ments;
461 4175 488 4221 p.
509 4163 549 4210 12.
586 4161 710 4212 Hoveden
733 4161 807 4225 adds,
833 4165 907 4226 given
921 4168 947 4213 at
961 4164 1047 4227 length
1064 4165 1098 4227 by
1110 4163 1229 4228 Vinsaui,
1247 4163 1297 4212 Be·

341 4226 397 4276 that
412 4228 533 4293 mahom,
543 4229 618 4280 when
633 4230 666 4280 he
682 4231 762 4281 heard
781 4233 811 4281 oi
831 4233 925 4297 nedict,
935 4234 985 4282 and
997 4234 1131 4284 Horeden.
