2970 5016
339 459 405 524 246
597 473 732 521 nocam
756 473 804 521 nu
829 472 1037 521 wauoovaa

179 649 234 688 A-v·
246 648 303 687 ¹²1³·
341 642 525 717 susceptus
552 641 618 698 est.
672 630 842 696 Omnibus
868 631 977 714 igitur
1004 633 1228 715 congregatis
1255 635 1299 698 ad

342 753 509 816 pugnam,
519 733 682 797 aestimati
695 732 822 795 suntin
834 731 990 795 exercitu
1002 731 1095 814 apud
1109 725 1300 796 ¹Barham-

342 832 469 896 donam
485 833 576 896 inter
592 832 719 895 milites
735 831 865 895 electos
881 837 918 895 et
929 832 1122 895 servientes
1137 839 1300 896 strenuos

343 940 379 996 et
401 932 489 996 bene
511 939 664 995 armatos
687 929 873 1012 sexaginta
895 928 1005 992 millia
1022 929 1176 994 virorum
1200 930 1301 996 sorti·

343 1050 422 1110 um3
445 1031 571 1114 quibus
599 1031 630 1092 si
653 1048 738 1111 erga
768 1046 885 1110 regem
909 1027 1049 1110 Angliae
1071 1036 1108 1093 et
1130 1029 1301 1094 &fensio-

344 1148 421 1194 nem
446 1130 569 1212 putriae
593 1147 655 1194 cor
675 1147 782 1192 unum
808 1135 901 1191 esset
923 1135 959 1191 et
981 1128 1097 1192 anima
1119 1148 1202 1206 una,
1228 1149 1299 1193 non

344 1229 469 1294 suisset
491 1229 652 1311 princeps
677 1227 742 1290 sub
764 1227 863 1304 caelo,
886 1234 1009 1290 contm
1030 1246 1134 1309 quem
1151 1247 1298 1310 regnum

345 1328 485 1411 Anglise
518 1347 587 1391 non
612 1326 858 1391 defenderent
914 1324 1107 1390 Constituit
1127 1335 1300 1409 praeterea

346 1447 409 1492 rex
435 1447 513 1492 cnm
538 1426 746 1492 adversariis
774 1425 898 1489 navale
922 1423 1080 1507 pralium
1105 1445 1299 1504 conserere,

347 1537 387 1590 ut
403 1546 463 1591 eos
487 1527 613 1610 pelago
632 1527 869 1606 submergeret
887 1532 1073 1607 antequam
1092 1533 1220 1589 terram
1245 1545 1299 1590 oc-

345 1634 535 1708 cuparent3
570 1625 720 1689 habebat
746 1642 897 1705 namque
927 1624 1074 1688 classem
1103 1626 1296 1689 uberiorem

346 1743 450 1807 quam
482 1743 544 1788 rex
575 1724 801 1799 Francorum,
828 1722 920 1786 unde
952 1724 1140 1788 maximam
1168 1725 1299 1788 securi-

348 1831 455 1889 tatem
473 1824 631 1905 concepit
646 1822 803 1887 hostibus
818 1822 1012 1886 resistendi.

526 1995 724 2062 aarum
739 1995 929 2081 raupa
942 1995 988 2061 aa
1002 2016 1111 2082 m.

399 2117 493 2181 Dum
530 2125 646 2182 antem
681 2139 743 2182 rex
775 2117 969 2200 Anglorum
1006 2137 1085 2182 cum
1118 2118 1299 2185 innumera

204 2192 230 2269 'J'
284 2207 305 2269 ἰ’
348 2223 558 2279 armatorum
587 2216 689 2299 copia
710 2217 803 2282 circa
828 2219 1003 2282 maritima
1029 2218 1123 2300 regis
1145 2219 1299 2283 Franco·

256 2307 261 2318 '
346 2334 423 2378 rum
451 2312 712 2396 praestolaretur
736 2316 936 2392 adventum,
961 2317 1204 2399 applicuerunt
1228 2319 1299 2382 duc

346 2413 470 2478 fratres
493 2414 536 2478 de
553 2414 676 2479 militia
697 2415 834 2498 Templi
858 2415 950 2498 apud
976 2416 1165 2494 Doveram,
1188 2423 1224 2480 et
1238 2436 1299 2482 ve-

345 2514 479 2577 nientes
496 2514 723 2578 amicabiliter
738 2515 782 2579 ad
799 2534 915 2596 regem
932 2514 1097 2579 dixerunt
1110 2516 1154 2592 ei,
1170 2521 1181 2550 ‘
1196 2515 1299 2580 Missi

346 2631 465 2677 sumus
485 2613 531 2677 ad
550 2620 597 2691 te,
616 2612 647 2677 0
668 2634 732 2678 rex
749 2615 998 2697 potentissime,
1021 2633 1067 2678 ex
1083 2622 1184 2696 parte
1204 2615 1298 2679 Pan-

346 2711 467 2795 dulphi
499 2712 701 2777 subdiaconi
735 2731 776 2777 ac
807 2713 938 2779 domini
972 2732 1073 2796 papae
1107 2713 1298 2791 familiaria,

346 2813 407 2894 qui
430 2831 493 2893 pro
510 2811 661 2875 utilitate
677 2819 796 2876 vestra
816 2821 853 2876 et
871 2813 970 2894 regni
992 2811 1099 2876 vestri
1118 2814 1298 2878 vobiscum

346 2911 434 2992 petit
456 2911 583 2974 habere
607 2911 815 2992 colloquium
836 2932 845 2990 ;
880 2919 1049 2994 proponet
1076 2912 1167 2975 euim
1190 2931 1297 2995 quau-

346 3010 425 3073 dam
444 3011 507 3073 tibi
533 3011 631 3092 pacis
654 3010 812 3087 sormam,
835 3029 905 3094 qna
929 3010 1060 3093 poteris
1083 3012 1161 3075 Deo
1189 3020 1225 3077 et
1242 3031 1297 3076 ec·

347 3108 461 3172 clesiee
481 3109 706 3185 reconciliari,
731 3110 813 3174 licet
827 3110 863 3172 in
883 3111 981 3173 curia
1001 3110 1161 3174 Romana
1181 3130 1204 3175 a
1220 3111 1299 3196 jure

347 3208 445 3287 regni
466 3207 605 3290 Angliae
628 3205 846 3292 abjudicatus
865 3208 972 3272 fueris
992 3216 1028 3273 et
1046 3210 1300 3275 sententialiter

347 3307 620 3372 condemnatus.’
688 3308 767 3372 Rex
794 3328 888 3385 vero,
916 3328 995 3372 cum
1022 3308 1299 3391 Templariorum

349 3408 456 3471 verba
483 3406 722 3480 intellexisset,
750 3407 857 3491 jussit
879 3407 1097 3490 Templarios
1130 3428 1299 3473 memora·

348 3513 402 3569 tos
419 3515 561 3588 propter
579 3506 822 3588 Pandulpbum
838 3507 1045 3589 quantocius
1061 3507 1298 3573 transfretare.

347 3605 456 3669 Venit
472 3625 555 3686 ergo
574 3605 815 3688 Pandulphus,
835 3614 875 3670 ut
891 3605 1022 3669 dictum
1042 3615 1107 3683 est,
1130 3608 1299 3672 invitatus

348 3704 392 3767 ad
407 3723 536 3786 regem,
547 3711 583 3767 et
595 3704 687 3787 apud
704 3705 879 3768 Deveram
894 3725 972 3769 cum
988 3705 1065 3787 ipso
1081 3706 1220 3770 locutus
1235 3715 1299 3784 est,

346 3803 476 3879 dicens,
499 3803 617 3866 ‘Ecce
644 3824 706 3867 rex
735 3805 948 3868 Francorum
977 3806 1238 3886 potentissimus
1263 3808 1298 3870 in

347 3904 438 3965 ostio
463 3902 634 3984 Sequanae
662 3903 813 3967 fluminis
842 3923 920 3968 cum
949 3904 1129 3967 innumera
1158 3906 1299 3969 navium

347 4001 567 4065 multitudine
593 4008 629 4065 et
651 4003 803 4066 maximo
828 4003 989 4080 militum,
1014 4005 1182 4086 equitum,
1206 4005 1300 4088 pedi·

382 4172 387 4201 ¹
402 4175 618 4239 barbarossa]
638 4176 645 4203 ‘
659 4172 863 4239 uabamdonam:
878 4177 908 4226 G.
939 4177 1049 4228 Barbam
1057 4178 1151 4242 Down,
1162 4179 1220 4229 leur
1226 4179 1298 4230 miles

344 4244 407 4293 from
419 4243 587 4306 Ganterbury.
