2970 5016
344 456 409 522 142
594 472 729 519 nonani
754 472 802 519 na
824 471 1033 519 wannovra

181 646 305 686 Adanu·
343 631 476 713 primis,
490 638 626 695 mortuo
648 649 731 712 rege
753 629 940 707 Richardo,
963 631 1130 695 debuerat
1149 630 1193 694 ad
1216 649 1297 693 eum

343 731 480 795 venisse
505 730 606 793 etde
625 730 707 812 jure
729 748 794 792 suo
816 729 869 793 illi
890 729 1089 812 homagium
1113 730 1295 794 obtulisse.

344 829 543 892 Recedente
558 828 595 891 in
611 827 702 890 hunc
717 828 855 891 modum
873 829 1087 893 Francorum
1100 848 1194 911 rege,
1206 828 1298 893 Wil-

343 928 467 992 lelmus
483 926 528 990 de
542 925 714 1008 Rupibus,
731 927 784 990 vir
805 928 942 1004 nobilis,
957 927 1148 992 Arthumm
1170 927 1296 991 callide

345 1026 387 1090 de
409 1025 568 1091 custodia
587 1026 678 1106 regis
696 1025 909 1089 Francorum
925 1027 1074 1108 eripiens
1097 1027 1297 1110 pacificavit

345 1144 424 1189 eum
455 1142 534 1188 cum
565 1144 647 1205 rege
671 1122 877 1204 Anglorum‚
907 1125 1047 1189 tradens
1078 1126 1189 1188 eidem
1219 1126 1296 1207 regi

346 1220 593 1288 Cenomanniae
625 1223 816 1300 civitatem,
846 1243 949 1305 quam
986 1245 1049 1288 rex
1082 1224 1296 1288 Francorum

345 1323 512 1405 praedicto
535 1321 712 1387 Willelmo
744 1321 780 1384 in
811 1323 969 1386 custodia
996 1322 1188 1387 tradiderat
1216 1343 1296 1387 cum

349 1421 523 1498 Arthuro;
555 1420 616 1484 sed
644 1421 700 1484 die
730 1421 850 1484 eodem
876 1420 1006 1485 dictum
1035 1421 1101 1485 fuit
1125 1420 1296 1498 Arthuro,

346 1521 437 1602 quod
460 1539 524 1583 rex
543 1518 738 1599 Auglorum
766 1519 880 1601 ipsum
902 1528 1041 1602 caperet
1065 1528 1100 1583 et
1126 1528 1296 1603 perpetuo

346 1618 475 1682 carceri
501 1618 726 1699 manciparet,
751 1618 842 1681 unde
866 1618 956 1683 idem
981 1617 1157 1684 Arthums
1182 1621 1297 1683 denuo

346 1717 390 1780 ed
409 1717 621 1781 Francorum
639 1736 755 1798 regem
772 1717 923 1781 latenter
936 1719 1091 1782 recessit.

429 1891 471 1955 Ut
484 1911 538 1954 ree
555 1890 631 1954 otto
645 1891 776 1955 Mamm
792 1889 912 1954 omioni
925 1889 1091 1974 imperium
1105 1888 1217 1953 ibidem

732 1987 904 2052 obtinuerit.

397 2110 500 2175 Circa
528 2112 602 2176 dies
632 2112 730 2187 istos,
764 2120 904 2175 cassata
935 2111 1101 2175 electione
1132 2111 1300 2194 Philippi,

279 2219 285 2232 ’
345 2210 443 2278 ducis
471 2211 623 2287 Suaviae,
653 2217 689 2273 et
712 2211 858 2274 aliorum
886 2211 1051 2287 omnium,
1079 2205 1203 2285 ¹Oth0,
1234 2231 1296 2275 rex

347 2307 631 2386 Alamannorum,
658 2310 703 2372 ab
733 2309 938 2374 Innocentio
964 2328 1057 2392 papa
1072 2317 1108 2373 et
1127 2308 1298 2374 Romanis

345 2409 504 2472 omnibus
529 2407 659 2472 electus
684 2415 738 2472 est
763 2417 799 2472 et
825 2408 869 2472 ad
893 2408 1090 2471 Romanum
1117 2409 1298 2491 imperium

347 2499 529 2571 admissus.
582 2507 796 2572 Confirmata
829 2508 937 2589 igitur
973 2527 995 2571 a
1033 2508 1173 2571 domino
1205 2527 1301 2591 papa

347 2606 526 2685 electione,
545 2605 739 2689 Philippus,
758 2606 832 2669 dux
852 2606 1005 2682 Suaviae,
1021 2608 1299 2670 excommunica·

347 2712 404 2769 tus
424 2714 478 2770 est
499 2714 534 2770 et
551 2725 671 2770 omnes
691 2705 844 2769 fautores
871 2705 959 2788 ejus,
981 2705 1048 2767 nisi
1074 2706 1118 2768 ab
1144 2705 1296 2769 Othonis

345 2806 584 2886 persecutione
618 2805 812 2882 desistant3
844 2804 881 2866 in
915 2803 1079 2886 capitolio
1112 2811 1228 2867 autem
1261 2812 1297 2868 et

346 2922 408 2985 per
429 2909 540 2967 totam
562 2905 680 2967 urbem
702 2903 933 2966 declamatum
954 2910 1021 2979 est,
1038 2902 1171 2966 ‘Vivat
1185 2909 1220 2966 et
1237 2923 1299 2967 va-

345 3001 417 3066 leat
435 3002 622 3083 imperator
640 3001 758 3065 Otho.⁰
802 3001 902 3064 Tunc
922 3002 966 3065 ab
993 3003 1151 3065 omnibus
1171 3003 1297 3067 confir·

346 3108 474 3185 matus,
494 3100 537 3162 ad
559 3101 756 3165 memoriam
780 3120 959 3177 revocans,
983 3101 1075 3182 quod
1095 3119 1158 3184 per
1181 3121 1298 3182 regem

348 3196 561 3261 Richardum
576 3199 619 3261 ad
633 3206 769 3262 tantum
790 3199 903 3264 suerat
925 3207 1104 3282 promotus
1121 3199 1296 3274 honorem,

347 3296 422 3377 regi
443 3295 466 3359 J
470 3296 598 3361 ohanni
624 3299 844 3379 significavit,
871 3307 910 3363 ut
934 3301 1009 3381 ipse
1039 3297 1191 3362 differret
1217 3319 1298 3363 cum

347 3413 427 3478 rege
461 3395 673 3461 Francorum
701 3397 928 3460 amicabiliter
957 3416 1176 3479 componere,
1203 3398 1299 3480 quia,

347 3493 424 3559 Deo
442 3495 591 3572 volente,
613 3497 740 3579 ipsein
764 3497 859 3559 brevi
881 3515 1082 3560 succursum
1104 3497 1168 3559 sibi
1193 3497 1298 3561 talem

346 3594 552 3676 providebit,
567 3595 704 3678 qualem
719 3596 930 3676 imperialem
946 3594 1045 3660 decet
1060 3595 1298 3660 celsitudinem

345 3694 535 3774 providere.

382 3888 492 3955 ’ΘΗΜ
514 3894 557 3943 the
580 3894 680 3951 iuunh3
704 3894 735 3942 he
753 3908 808 3942 was
833 3895 898 3944 aster
919 3896 961 3944 the
980 3897 1059 3945 battle
1081 3895 1110 3945 oi
1128 3897 1249 3958 Borines,
1271 3897 1297 3944 iu

345 3966 387 4010 not
404 3963 532 4025 generally
543 3963 743 4025 acknowledged
761 3979 808 4012 un·
835 3969 907 4026 1214,
925 3965 975 4014 and
992 3965 1051 4014 died
1069 3967 1095 4014 iu
1111 3968 1257 4016 retirement
1271 3968 1297 4014 iu

344 4032 372 4079 til
383 4031 426 4079 the
437 4031 513 4081 death
530 4033 559 4082 of
573 4032 670 4095 Philip,
688 4035 714 4081 in
732 4037 806 4083 1208.
833 4034 985 4084 Bruuewiclr
998 4037 1023 4084 in
1035 4039 1109 4085 1218.

344 4099 386 4148 lle
398 4116 452 4150 was
466 4101 555 4152 driven
573 4102 635 4151 from
653 4103 694 4151 the
711 4104 806 4165 empire
