2970 5016
284 516 288 522 ¹
396 441 461 505 168
652 457 786 506 uocum
811 457 858 504 nn
881 457 1088 505 wunnovun

233 630 289 670 sn.
301 632 357 671 12⁰2.
395 614 506 677 fracto
531 621 669 695 stagno,
689 632 751 696 per
770 614 935 694 impetum
963 629 1132 693 aquarum
1159 611 1350 675 maximam

395 733 570 778 murorum
593 721 739 795 partem,
763 732 834 795 qua
851 711 935 775 villa
956 711 1173 791 cingebatur,
1195 720 1351 792 prostra-

394 813 467 892 vit3
491 813 582 875 unde
604 813 816 894 fugientibus
838 810 984 886 cunctis,
1006 810 1066 891 qui
1090 810 1125 872 iu
1141 809 1235 873 villae
1257 831 1349 892 prse-

394 911 482 975 sidio
510 919 610 976 erant
639 911 831 986 constituti,
855 910 930 973 siue
957 909 1050 973 omui
1074 908 1348 975 contradictione

394 1031 458 1074 rex
479 1011 691 1075 Francorum
714 1010 830 1073 villam
853 1009 999 1071 intravit
1020 1016 1056 1072 et
1078 1026 1154 1072 cem
1179 1009 1348 1092 subjuga·

393 1111 457 1174 vit.
510 1110 755 1192 Reversusque
772 1108 929 1172 Parisius
952 1104 1145 1171 Arthurum
1167 1109 1232 1170 sub
1256 1116 1347 1173 tuto·

395 1210 491 1272 ribus
518 1209 711 1291 deputuvit,
738 1208 879 1271 tradens
903 1207 934 1270 ei
956 1206 1084 1270 milites
1111 1205 1279 1271 ducentos
1302 1208 1346 1273 de

394 1328 502 1389 regno
530 1309 756 1385 Francorum,
782 1307 842 1389 qui
873 1325 950 1369 cum
973 1305 1034 1369 illo
1059 1305 1231 1370 hostiliter
1254 1307 1346 1372 irent

394 1408 431 1469 in
453 1406 658 1484 Pictaviam,
689 1414 729 1471 ut
753 1405 885 1471 bellicis
910 1404 1163 1469 incursionibus
1185 1405 1346 1487 regiones

394 1506 473 1570 illas
490 1506 646 1572 Arthuro
658 1506 898 1591 subjugarent.
950 1503 1027 1568 Illis
1044 1513 1158 1568 autom
1177 1524 1347 1588 pomposo

395 1606 544 1670 tumultu
569 1605 881 1688 progredientibus,
903 1603 1100 1667 nuntiatum
1126 1610 1180 1666 est
1206 1605 1269 1681 eis,
1292 1625 1346 1669 re·

395 1706 512 1786 ginam
534 1705 678 1770 Alienon
699 1706 734 1769 iu
757 1704 914 1780 castello,
933 1703 1026 1785 quod
1051 1702 1268 1767 Mirebellum
1292 1705 1345 1768 di-

395 1805 496 1883 citur,
521 1824 707 1886 paucorum
734 1802 1087 1884 stipatampraesidio
1117 1805 1341 1884 commorari;

394 1905 454 1985 qui
482 1907 654 1968 communi
686 1904 837 1968 omnium
867 1901 1115 1966 deliberatione
1136 1901 1263 1966 furoris
1287 1905 1342 1967 sui

393 2003 558 2085 impetum
586 2005 668 2067 illuc
693 2008 934 2067 convertentes
955 2001 1136 2065 castellum
1164 2001 1343 2066 obsidione

395 2101 624 2179 vallaverunt,
657 2102 763 2184 quod,
788 2100 884 2165 nullo
910 2099 1128 2164 defensorum
1153 2101 1341 2167 munimine

394 2199 589 2276 resistente,
615 2200 658 2264 ad
685 2199 893 2264 deditionem
924 2199 1181 2281 compulerunt3
1210 2208 1341 2265 turrem

393 2316 488 2375 vero,
505 2299 541 2361 in
558 2318 627 2381 qua
642 2299 787 2363 Alienor
801 2299 922 2381 regina
947 2318 1025 2362 cum
1051 2298 1171 2381 paucis
1195 2301 1341 2364 armatis

386 2415 468 2460 sese
484 2406 672 2482 receperat,
687 2418 755 2461 nou
772 2405 933 2480 poteraut
948 2399 1113 2462 obtinere.
1150 2398 1342 2465 Obsidione

391 2496 500 2577 igitur
514 2498 550 2560 iu
573 2499 690 2562 orbem
714 2498 819 2561 turris
841 2496 1022 2579 disposita,
1045 2505 1215 2562 venerunt
1230 2498 1278 2561 ibi
1303 2500 1340 2562 in

391 2596 560 2660 auxilium
586 2596 731 2662 Artburi
762 2616 880 2659 omnes
907 2595 1076 2660 Pictaviae
1108 2597 1274 2678 primates
1303 2606 1340 2663 et

391 2695 516 2760 milites
547 2697 744 2771 nobiliores,
767 2703 802 2759 et
832 2696 1005 2777 praecipue
1032 2715 1146 2759 comes
1172 2695 1215 2759 de
1241 2696 1339 2760 Mar·

390 2792 468 2858 chia
497 2795 618 2878 Hugo,
646 2801 876 2877 cognomento
903 2795 1055 2871 Bruuus,
1081 2794 1141 2876 qui
1161 2796 1234 2877 regi
1263 2795 1339 2859 Au·

390 2893 524 2972 giorum
558 2896 717 2977 publicus
746 2901 822 2957 erat
858 2894 1017 2956 inimicus
1045 2901 1186 2977 propter
1221 2894 1338 2959 Isabel

390 2992 557 3071 reginem,
580 3013 684 3075 quam
713 2994 802 3056 idem
824 3011 939 3057 comes
962 3013 1025 3076 per
1049 2994 1155 3057 verba
1177 2993 1221 3058 de
1248 3014 1337 3075 prae-

389 3090 479 3151 senti
505 3091 660 3154 insuam
689 3100 867 3175 receperat
892 3100 1078 3174 antequam
1106 3093 1178 3174 regi
1202 3092 1338 3175 Anglo-

387 3206 462 3248 rum
491 3187 779 3271 desponsaretur3
813 3200 848 3255 ct
876 3192 925 3255 sic
954 3191 1119 3272 grandem
1146 3193 1336 3257 exercitum

387 3286 619 3367 confecerunt,
637 3310 700 3354 nec
725 3297 950 3354 cessaverunt
972 3291 1123 3354 insultus
1150 3293 1336 3356 acerrimos

385 3383 510 3464 facere,
543 3397 582 3452 ut
610 3391 817 3472 quantocius
842 3388 1037 3454 desiderata
1066 3390 1211 3455 victoria
1243 3392 1335 3472 poti·

384 3493 513 3549 rentur.

475 3655 524 3720 De
538 3656 731 3723 admirando
748 3660 880 3723 eictmiu
897 3662 977 3747 repis
988 3661 1145 3727 Jolonm's
1158 3662 1247 3748 apud

750 3757 958 3825 Miredellum.

218 3889 334 3981 mg
440 3878 578 3961 Regina
606 3882 748 3945 veroin
775 3890 872 3946 arcto
901 3884 1093 3949 constituta
1118 3887 1259 3951 nuntios
1287 3888 1331 3951 ad

379 3997 509 4060 regem,
522 3980 582 4061 qui
599 3987 682 4044 tunc
697 3982 863 4062 temporis
876 3981 913 4044 in
929 3982 1145 4048 Normauuia
1161 3993 1248 4064 erat,
1266 3988 1330 4050 sub

379 4078 555 4143 celeritate
575 4079 714 4158 direxit,
737 4100 865 4161 rogans
889 4081 1051 4146 obnixius
1078 4091 1114 4148 et
1136 4085 1330 4164 obtestans

380 4182 418 4237 ut
444 4177 584 4257 pietatis
607 4181 751 4244 obtentu
778 4181 881 4244 matri
903 4191 1119 4247 succurreret
1139 4183 1329 4265 desolatae3
