<?xml version="1.0" encoding="UTF-8"?>
<!DOCTYPE html PUBLIC "-//W3C//DTD XHTML 1.0 Transitional//EN"
    "http://www.w3.org/TR/xhtml1/DTD/xhtml1-transitional.dtd">
<html xmlns="http://www.w3.org/1999/xhtml" xml:lang="en" lang="en">
 <head>
  <title>
</title>
<meta http-equiv="Content-Type" content="text/html;charset=utf-8" />
  <meta name='ocr-system' content='tesseract 3.04.00' />
  <meta name='ocr-capabilities' content='ocr_page ocr_carea ocr_par ocr_line ocrx_word'/>
</head>
<body>
  <div class='ocr_page' id='page_1' title='image "./rogeridewendove08rogegoog_0071.png"; bbox 0 0 2970 5016; ppageno 0'>
   <div class='ocr_carea' id='block_1_1' title="bbox 417 446 1109 512">
    <p class='ocr_par' dir='ltr' id='par_1_1' title="bbox 417 446 1109 512">
     <span class='ocr_line' id='line_1_1' title="bbox 417 446 1109 512; baseline -0.004 -1"><span class='ocrx_word' id='word_1_1' title='bbox 417 446 461 511; x_wconf 76' lang='lat'><strong>62</strong></span> <span class='ocrx_word' id='word_1_2' title='bbox 671 463 805 512; x_wconf 82' lang='lat' dir='ltr'><strong>sooner</strong></span> <span class='ocrx_word' id='word_1_3' title='bbox 829 464 876 511; x_wconf 87' lang='lat' dir='ltr'><strong>un</strong></span> <span class='ocrx_word' id='word_1_4' title='bbox 901 461 1109 511; x_wconf 80' lang='lat' dir='ltr'><strong>wsunovsn</strong></span> 
     </span>
    </p>
   </div>
   <div class='ocr_carea' id='block_1_2' title="bbox 256 616 1372 3865">
    <p class='ocr_par' dir='ltr' id='par_1_2' title="bbox 256 616 1372 3865">
     <span class='ocr_line' id='line_1_2' title="bbox 256 616 1368 702; baseline -0.004 -20"><span class='ocrx_word' id='word_1_5' title='bbox 256 626 379 667; x_wconf 54' lang='grc' dir='ltr'><strong>ΔΝΜ</strong></span> <span class='ocrx_word' id='word_1_6' title='bbox 417 619 544 700; x_wconf 92' lang='lat' dir='ltr'><strong>posito,</strong></span> <span class='ocrx_word' id='word_1_7' title='bbox 567 626 602 682; x_wconf 91' lang='lat' dir='ltr'><strong>et</strong></span> <span class='ocrx_word' id='word_1_8' title='bbox 624 620 724 702; x_wconf 88' lang='lat' dir='ltr'><strong>quasi</strong></span> <span class='ocrx_word' id='word_1_9' title='bbox 744 637 789 682; x_wconf 86' lang='lat' dir='ltr'><strong>ex</strong></span> <span class='ocrx_word' id='word_1_10' title='bbox 811 618 963 683; x_wconf 92' lang='lat' dir='ltr'><strong>hostium</strong></span> <span class='ocrx_word' id='word_1_11' title='bbox 986 617 1233 681; x_wconf 77' lang='lat' dir='ltr'><strong>numerositate</strong></span> <span class='ocrx_word' id='word_1_12' title='bbox 1252 616 1368 679; x_wconf 88' lang='lat' dir='ltr'><strong>factus</strong></span> 
     </span>
     <span class='ocr_line' id='line_1_3' title="bbox 416 715 1369 800; baseline -0.003 -19"><span class='ocrx_word' id='word_1_13' title='bbox 416 717 592 794; x_wconf 82' lang='lat' dir='ltr'>audacior,</span> <span class='ocrx_word' id='word_1_14' title='bbox 617 736 701 781; x_wconf 84' lang='lat' dir='ltr'><strong>suos</strong></span> <span class='ocrx_word' id='word_1_15' title='bbox 731 719 776 781; x_wconf 89' lang='lat' dir='ltr'><strong>ad</strong></span> <span class='ocrx_word' id='word_1_16' title='bbox 803 737 956 800; x_wconf 88' lang='lat' dir='ltr'><strong>pugnam</strong></span> <span class='ocrx_word' id='word_1_17' title='bbox 981 717 1096 782; x_wconf 86' lang='lat' dir='ltr'><strong>verbis</strong></span> <span class='ocrx_word' id='word_1_18' title='bbox 1122 715 1369 780; x_wconf 81' lang='lat' dir='ltr'><strong>exhortatoriis</strong></span> 
     </span>
     <span class='ocr_line' id='line_1_4' title="bbox 416 811 1369 899; baseline -0.002 -20"><span class='ocrx_word' id='word_1_19' title='bbox 416 817 615 896; x_wconf 81' lang='lat' dir='ltr'><strong>animabat3</strong></span> <span class='ocrx_word' id='word_1_20' title='bbox 641 811 721 881; x_wconf 91' lang='lat' dir='ltr'><strong>¹uec</strong></span> <span class='ocrx_word' id='word_1_21' title='bbox 743 837 852 893; x_wconf 87' lang='lat' dir='ltr'><strong>mora,</strong></span> <span class='ocrx_word' id='word_1_22' title='bbox 873 818 948 899; x_wconf 88' lang='lat' dir='ltr'><strong>ipse</strong></span> <span class='ocrx_word' id='word_1_23' title='bbox 965 835 1044 879; x_wconf 95' lang='lat' dir='ltr'><strong>cum</strong></span> <span class='ocrx_word' id='word_1_24' title='bbox 1063 816 1222 898; x_wconf 80' lang='lat' dir='ltr'><strong>undecim</strong></span> <span class='ocrx_word' id='word_1_25' title='bbox 1245 815 1369 896; x_wconf 91' lang='lat' dir='ltr'><strong>equiti-</strong></span> 
     </span>
     <span class='ocr_line' id='line_1_5' title="bbox 416 912 1368 998; baseline -0.004 -20"><span class='ocrx_word' id='word_1_26' title='bbox 416 916 492 993; x_wconf 91' lang='lat' dir='ltr'>bus,</span> <span class='ocrx_word' id='word_1_27' title='bbox 509 914 568 998; x_wconf 93' lang='lat' dir='ltr'><strong>qui</strong></span> <span class='ocrx_word' id='word_1_28' title='bbox 590 917 656 980; x_wconf 92' lang='lat' dir='ltr'><strong>soli</strong></span> <span class='ocrx_word' id='word_1_29' title='bbox 671 936 716 980; x_wconf 84' lang='lat' dir='ltr'><strong>ex</strong></span> <span class='ocrx_word' id='word_1_30' title='bbox 734 915 891 980; x_wconf 91' lang='lat' dir='ltr'><strong>omnibus</strong></span> <span class='ocrx_word' id='word_1_31' title='bbox 907 934 1015 998; x_wconf 90' lang='lat' dir='ltr'><strong>equos</strong></span> <span class='ocrx_word' id='word_1_32' title='bbox 1031 914 1217 990; x_wconf 89' lang='lat' dir='ltr'><strong>habebant,</strong></span> <span class='ocrx_word' id='word_1_33' title='bbox 1235 913 1271 976; x_wconf 89' lang='lat' dir='ltr'><strong>in</strong></span> <span class='ocrx_word' id='word_1_34' title='bbox 1286 912 1368 976; x_wconf 91' lang='lat' dir='ltr'><strong>hos·</strong></span> 
     </span>
     <span class='ocr_line' id='line_1_6' title="bbox 418 1012 1367 1097; baseline -0.001 -20"><span class='ocrx_word' id='word_1_35' title='bbox 418 1015 495 1078; x_wconf 87' lang='lat' dir='ltr'><strong>tiles</strong></span> <span class='ocrx_word' id='word_1_36' title='bbox 522 1015 615 1079; x_wconf 88' lang='lat' dir='ltr'><strong>acies</strong></span> <span class='ocrx_word' id='word_1_37' title='bbox 643 1014 801 1097; x_wconf 85' lang='lat' dir='ltr'><strong>prorupit</strong></span> <span class='ocrx_word' id='word_1_38' title='bbox 828 1014 1033 1097; x_wconf 89' lang='lat' dir='ltr'><strong>intrepidus,</strong></span> <span class='ocrx_word' id='word_1_39' title='bbox 1062 1033 1177 1077; x_wconf 83' lang='lat' dir='ltr'><strong>ensem</strong></span> <span class='ocrx_word' id='word_1_40' title='bbox 1203 1012 1299 1076; x_wconf 88' lang='lat' dir='ltr'><strong>ocius</strong></span> <span class='ocrx_word' id='word_1_41' title='bbox 1325 1012 1367 1076; x_wconf 89' lang='lat' dir='ltr'><strong>de</strong></span> 
     </span>
     <span class='ocr_line' id='line_1_7' title="bbox 418 1113 1366 1195; baseline -0.002 -19"><span class='ocrx_word' id='word_1_42' title='bbox 418 1114 546 1195; x_wconf 89' lang='lat' dir='ltr'><strong>vagina</strong></span> <span class='ocrx_word' id='word_1_43' title='bbox 565 1115 733 1190; x_wconf 80' lang='lat' dir='ltr'><strong>extraxit,</strong></span> <span class='ocrx_word' id='word_1_44' title='bbox 756 1114 911 1177; x_wconf 90' lang='lat' dir='ltr'><strong>lanceam</strong></span> <span class='ocrx_word' id='word_1_45' title='bbox 931 1114 1045 1176; x_wconf 90' lang='lat' dir='ltr'><strong>vibrat</strong></span> <span class='ocrx_word' id='word_1_46' title='bbox 1065 1119 1170 1194; x_wconf 90' lang='lat' dir='ltr'><strong>atque</strong></span> <span class='ocrx_word' id='word_1_47' title='bbox 1193 1113 1285 1175; x_wconf 91' lang='lat' dir='ltr'><strong>circa</strong></span> <span class='ocrx_word' id='word_1_48' title='bbox 1307 1130 1366 1192; x_wconf 85' lang='lat' dir='ltr'><strong>ga-</strong></span> 
     </span>
     <span class='ocr_line' id='line_1_8' title="bbox 417 1209 1367 1294; baseline -0.002 -19"><span class='ocrx_word' id='word_1_49' title='bbox 417 1211 511 1276; x_wconf 89' lang='lat' dir='ltr'><strong>leata</strong></span> <span class='ocrx_word' id='word_1_50' title='bbox 537 1214 654 1294; x_wconf 89' lang='lat' dir='ltr'><strong>capita</strong></span> <span class='ocrx_word' id='word_1_51' title='bbox 680 1213 811 1277; x_wconf 92' lang='lat' dir='ltr'><strong>ictuum</strong></span> <span class='ocrx_word' id='word_1_52' title='bbox 843 1212 1021 1276; x_wconf 86' lang='lat' dir='ltr'><strong>collisione</strong></span> <span class='ocrx_word' id='word_1_53' title='bbox 1050 1211 1228 1274; x_wconf 89' lang='lat' dir='ltr'><strong>tinniendo</strong></span> <span class='ocrx_word' id='word_1_54' title='bbox 1254 1209 1367 1273; x_wconf 90' lang='lat' dir='ltr'><strong>fulmi-</strong></span> 
     </span>
     <span class='ocr_line' id='line_1_9' title="bbox 417 1311 1366 1394; baseline -0.003 -20"><span class='ocrx_word' id='word_1_55' title='bbox 417 1319 491 1388; x_wconf 90' lang='lat' dir='ltr'><strong>nat,</strong></span> <span class='ocrx_word' id='word_1_56' title='bbox 514 1331 689 1394; x_wconf 88' lang='lat' dir='ltr'><strong>equosque</strong></span> <span class='ocrx_word' id='word_1_57' title='bbox 713 1312 883 1376; x_wconf 88' lang='lat' dir='ltr'><strong>Arabicos</strong></span> <span class='ocrx_word' id='word_1_58' title='bbox 906 1311 1054 1394; x_wconf 91' lang='lat' dir='ltr'><strong>propriis</strong></span> <span class='ocrx_word' id='word_1_59' title='bbox 1077 1311 1269 1374; x_wconf 85' lang='lat' dir='ltr'><strong>sessoribus</strong></span> <span class='ocrx_word' id='word_1_60' title='bbox 1288 1327 1366 1372; x_wconf 84' lang='lat' dir='ltr'><strong>eva-</strong></span> 
     </span>
     <span class='ocr_line' id='line_1_10' title="bbox 417 1408 1368 1493; baseline -0.003 -20"><span class='ocrx_word' id='word_1_61' title='bbox 417 1430 524 1474; x_wconf 89' lang='lat' dir='ltr'><strong>cuans</strong></span> <span class='ocrx_word' id='word_1_62' title='bbox 552 1412 718 1474; x_wconf 92' lang='lat' dir='ltr'><strong>militibus</strong></span> <span class='ocrx_word' id='word_1_63' title='bbox 742 1410 827 1487; x_wconf 93' lang='lat' dir='ltr'><strong>suis,</strong></span> <span class='ocrx_word' id='word_1_64' title='bbox 850 1409 909 1493; x_wconf 91' lang='lat' dir='ltr'><strong>qui</strong></span> <span class='ocrx_word' id='word_1_65' title='bbox 932 1410 1065 1492; x_wconf 89' lang='lat' dir='ltr'><strong>pedites</strong></span> <span class='ocrx_word' id='word_1_66' title='bbox 1092 1416 1201 1485; x_wconf 89' lang='lat' dir='ltr'><strong>erant,</strong></span> <span class='ocrx_word' id='word_1_67' title='bbox 1225 1408 1368 1489; x_wconf 90' lang='lat' dir='ltr'><strong>largiter</strong></span> 
     </span>
     <span class='ocr_line' id='line_1_11' title="bbox 417 1508 1368 1592; baseline -0.002 -20"><span class='ocrx_word' id='word_1_68' title='bbox 417 1510 595 1590; x_wconf 89' lang='lat' dir='ltr'><strong>erogavit;</strong></span> <span class='ocrx_word' id='word_1_69' title='bbox 623 1530 709 1592; x_wconf 91' lang='lat' dir='ltr'><strong>quos</strong></span> <span class='ocrx_word' id='word_1_70' title='bbox 732 1509 783 1573; x_wconf 93' lang='lat' dir='ltr'><strong>illi</strong></span> <span class='ocrx_word' id='word_1_71' title='bbox 805 1509 889 1591; x_wconf 89' lang='lat' dir='ltr'><strong>agili</strong></span> <span class='ocrx_word' id='word_1_72' title='bbox 911 1508 1004 1573; x_wconf 87' lang='lat' dir='ltr'><strong>saltu</strong></span> <span class='ocrx_word' id='word_1_73' title='bbox 1027 1509 1264 1583; x_wconf 85' lang='lat' dir='ltr'><strong>ascendentes,</strong></span> <span class='ocrx_word' id='word_1_74' title='bbox 1286 1525 1368 1587; x_wconf 86' lang='lat' dir='ltr'><strong>rege</strong></span> 
     </span>
     <span class='ocr_line' id='line_1_12' title="bbox 417 1606 1369 1692; baseline -0.003 -21"><span class='ocrx_word' id='word_1_75' title='bbox 417 1628 553 1692; x_wconf 87' lang='lat' dir='ltr'><strong>semper</strong></span> <span class='ocrx_word' id='word_1_76' title='bbox 576 1610 719 1692; x_wconf 83' lang='lat' dir='ltr'><strong>praevio,</strong></span> <span class='ocrx_word' id='word_1_77' title='bbox 739 1607 890 1672; x_wconf 88' lang='lat' dir='ltr'><strong>hostium</strong></span> <span class='ocrx_word' id='word_1_78' title='bbox 915 1615 1074 1672; x_wconf 86' lang='lat' dir='ltr'><strong>catervas</strong></span> <span class='ocrx_word' id='word_1_79' title='bbox 1093 1627 1115 1672; x_wconf 89' lang='lat' dir='ltr'><strong>a</strong></span> <span class='ocrx_word' id='word_1_80' title='bbox 1132 1606 1264 1670; x_wconf 84' lang='lat' dir='ltr'><strong>dextris</strong></span> <span class='ocrx_word' id='word_1_81' title='bbox 1289 1612 1325 1668; x_wconf 91' lang='lat' dir='ltr'><strong>et</strong></span> <span class='ocrx_word' id='word_1_82' title='bbox 1346 1624 1369 1669; x_wconf 91' lang='lat' dir='ltr'><strong>a</strong></span> 
     </span>
     <span class='ocr_line' id='line_1_13' title="bbox 417 1706 1367 1790; baseline -0.003 -21"><span class='ocrx_word' id='word_1_83' title='bbox 417 1708 566 1771; x_wconf 89' lang='lat' dir='ltr'><strong>sinistris</strong></span> <span class='ocrx_word' id='word_1_84' title='bbox 590 1708 839 1790; x_wconf 89' lang='lat' dir='ltr'><strong>prosternendo</strong></span> <span class='ocrx_word' id='word_1_85' title='bbox 861 1707 1032 1789; x_wconf 88' lang='lat' dir='ltr'><strong>dissipant</strong></span> <span class='ocrx_word' id='word_1_86' title='bbox 1057 1712 1093 1770; x_wconf 93' lang='lat' dir='ltr'><strong>et</strong></span> <span class='ocrx_word' id='word_1_87' title='bbox 1119 1706 1184 1768; x_wconf 89' lang='lat' dir='ltr'><strong>sibi</strong></span> <span class='ocrx_word' id='word_1_88' title='bbox 1212 1723 1367 1787; x_wconf 92' lang='lat' dir='ltr'><strong>quosque</strong></span> 
     </span>
     <span class='ocr_line' id='line_1_14' title="bbox 417 1799 1367 1885; baseline -0.005 -15"><span class='ocrx_word' id='word_1_89' title='bbox 417 1806 538 1871; x_wconf 90' lang='lat' dir='ltr'><strong>obvios</strong></span> <span class='ocrx_word' id='word_1_90' title='bbox 555 1806 869 1871; x_wconf 87' lang='lat' dir='ltr'><strong>immisericorditer</strong></span> <span class='ocrx_word' id='word_1_91' title='bbox 886 1806 1071 1869; x_wconf 88' lang='lat' dir='ltr'><strong>trucidant.</strong></span> <span class='ocrx_word' id='word_1_92' title='bbox 1112 1799 1267 1885; x_wconf 88' lang='lat' dir='ltr'><strong>²Pagani</strong></span> <span class='ocrx_word' id='word_1_93' title='bbox 1286 1822 1367 1866; x_wconf 86' lang='lat' dir='ltr'><strong>vero</strong></span> 
     </span>
     <span class='ocr_line' id='line_1_15' title="bbox 418 1902 1368 1984; baseline -0.003 -17"><span class='ocrx_word' id='word_1_94' title='bbox 418 1913 616 1969; x_wconf 82' lang='lat' dir='ltr'><strong>corruentes</strong></span> <span class='ocrx_word' id='word_1_95' title='bbox 637 1905 841 1968; x_wconf 88' lang='lat' dir='ltr'><strong>miserandis</strong></span> <span class='ocrx_word' id='word_1_96' title='bbox 864 1904 1072 1968; x_wconf 88' lang='lat' dir='ltr'><strong>clamoribus</strong></span> <span class='ocrx_word' id='word_1_97' title='bbox 1100 1904 1272 1984; x_wconf 87' lang='lat' dir='ltr'><strong>mugiunt,</strong></span> <span class='ocrx_word' id='word_1_98' title='bbox 1296 1902 1368 1965; x_wconf 85' lang='lat' dir='ltr'><strong>ani·</strong></span> 
     </span>
     <span class='ocr_line' id='line_1_16' title="bbox 418 2002 1366 2086; baseline -0.001 -20"><span class='ocrx_word' id='word_1_99' title='bbox 418 2022 561 2086; x_wconf 89' lang='lat' dir='ltr'><strong>masque</strong></span> <span class='ocrx_word' id='word_1_100' title='bbox 596 2023 675 2067; x_wconf 91' lang='lat' dir='ltr'><strong>cum</strong></span> <span class='ocrx_word' id='word_1_101' title='bbox 713 2004 883 2085; x_wconf 89' lang='lat' dir='ltr'><strong>sanguine</strong></span> <span class='ocrx_word' id='word_1_102' title='bbox 923 2004 968 2067; x_wconf 89' lang='lat' dir='ltr'><strong>ad</strong></span> <span class='ocrx_word' id='word_1_103' title='bbox 1007 2009 1142 2066; x_wconf 87' lang='lat' dir='ltr'><strong>tartara</strong></span> <span class='ocrx_word' id='word_1_104' title='bbox 1174 2002 1366 2065; x_wconf 89' lang='lat' dir='ltr'><strong>remittunt.</strong></span> 
     </span>
     <span class='ocr_line' id='line_1_17' title="bbox 419 2100 1369 2184; baseline -0.002 -20"><span class='ocrx_word' id='word_1_105' title='bbox 419 2102 599 2166; x_wconf 84' lang='lat' dir='ltr'><strong>Praeibant</strong></span> <span class='ocrx_word' id='word_1_106' title='bbox 621 2120 757 2184; x_wconf 88' lang='lat' dir='ltr'><strong>semper</strong></span> <span class='ocrx_word' id='word_1_107' title='bbox 782 2103 951 2166; x_wconf 88' lang='lat' dir='ltr'><strong>balistarii</strong></span> <span class='ocrx_word' id='word_1_108' title='bbox 975 2103 1012 2165; x_wconf 95' lang='lat' dir='ltr'><strong>in</strong></span> <span class='ocrx_word' id='word_1_109' title='bbox 1037 2102 1102 2164; x_wconf 89' lang='lat' dir='ltr'><strong>hac</strong></span> <span class='ocrx_word' id='word_1_110' title='bbox 1126 2100 1369 2182; x_wconf 82' lang='lat' dir='ltr'><strong>congressione</strong></span> 
     </span>
     <span class='ocr_line' id='line_1_18' title="bbox 418 2199 1368 2284; baseline -0.001 -21"><span class='ocrx_word' id='word_1_111' title='bbox 418 2200 635 2282; x_wconf 88' lang='lat' dir='ltr'><strong>potissimum</strong></span> <span class='ocrx_word' id='word_1_112' title='bbox 658 2201 834 2278; x_wconf 90' lang='lat' dir='ltr'><strong>laudandi,</strong></span> <span class='ocrx_word' id='word_1_113' title='bbox 858 2221 1003 2284; x_wconf 90' lang='lat' dir='ltr'><strong>qnorum</strong></span> <span class='ocrx_word' id='word_1_114' title='bbox 1026 2199 1287 2283; x_wconf 80' lang='lat' dir='ltr'><strong>incomparabili</strong></span> <span class='ocrx_word' id='word_1_115' title='bbox 1302 2199 1368 2263; x_wconf 84' lang='lat' dir='ltr'><strong>vir-</strong></span> 
     </span>
     <span class='ocr_line' id='line_1_19' title="bbox 420 2299 1369 2383; baseline -0.001 -20"><span class='ocrx_word' id='word_1_116' title='bbox 420 2307 495 2365; x_wconf 90' lang='lat' dir='ltr'><strong>tute</strong></span> <span class='ocrx_word' id='word_1_117' title='bbox 517 2299 653 2364; x_wconf 90' lang='lat' dir='ltr'><strong>hostilis</strong></span> <span class='ocrx_word' id='word_1_118' title='bbox 674 2300 847 2383; x_wconf 85' lang='lat' dir='ltr'><strong>praecipue</strong></span> <span class='ocrx_word' id='word_1_119' title='bbox 870 2301 1102 2382; x_wconf 89' lang='lat' dir='ltr'><strong>repellebatur</strong></span> <span class='ocrx_word' id='word_1_120' title='bbox 1125 2301 1288 2381; x_wconf 90' lang='lat' dir='ltr'><strong>impetus,</strong></span> <span class='ocrx_word' id='word_1_121' title='bbox 1309 2317 1369 2362; x_wconf 89' lang='lat' dir='ltr'><strong>au·</strong></span> 
     </span>
     <span class='ocr_line' id='line_1_20' title="bbox 419 2396 1369 2482; baseline 0 -22"><span class='ocrx_word' id='word_1_122' title='bbox 419 2396 520 2462; x_wconf 87' lang='lat' dir='ltr'><strong>dacia</strong></span> <span class='ocrx_word' id='word_1_123' title='bbox 537 2406 642 2482; x_wconf 88' lang='lat' dir='ltr'><strong>atque</strong></span> <span class='ocrx_word' id='word_1_124' title='bbox 659 2400 820 2464; x_wconf 85' lang='lat' dir='ltr'><strong>ferocitas</strong></span> <span class='ocrx_word' id='word_1_125' title='bbox 836 2399 1005 2482; x_wconf 90' lang='lat' dir='ltr'><strong>paulatim</strong></span> <span class='ocrx_word' id='word_1_126' title='bbox 1020 2400 1261 2475; x_wconf 83' lang='lat' dir='ltr'><strong>sternebatur3</strong></span> <span class='ocrx_word' id='word_1_127' title='bbox 1288 2416 1369 2461; x_wconf 88' lang='lat' dir='ltr'><strong>nam</strong></span> 
     </span>
     <span class='ocr_line' id='line_1_21' title="bbox 419 2497 1369 2582; baseline 0 -22"><span class='ocrx_word' id='word_1_128' title='bbox 419 2497 501 2560; x_wconf 92' lang='lat' dir='ltr'><strong>dum</strong></span> <span class='ocrx_word' id='word_1_129' title='bbox 523 2517 641 2563; x_wconf 89' lang='lat' dir='ltr'><strong>eorum</strong></span> <span class='ocrx_word' id='word_1_130' title='bbox 666 2499 799 2582; x_wconf 87' lang='lat' dir='ltr'><strong>spicula</strong></span> <span class='ocrx_word' id='word_1_131' title='bbox 818 2499 963 2581; x_wconf 92' lang='lat' dir='ltr'><strong>quisque</strong></span> <span class='ocrx_word' id='word_1_132' title='bbox 981 2499 1116 2562; x_wconf 89' lang='lat' dir='ltr'><strong>cantius</strong></span> <span class='ocrx_word' id='word_1_133' title='bbox 1138 2497 1369 2580; x_wconf 84' lang='lat' dir='ltr'><strong>praecavebat,</strong></span> 
     </span>
     <span class='ocr_line' id='line_1_22' title="bbox 420 2596 1369 2680; baseline -0.002 -20"><span class='ocrx_word' id='word_1_134' title='bbox 420 2597 606 2662; x_wconf 84' lang='lat' dir='ltr'><strong>assilientis</strong></span> <span class='ocrx_word' id='word_1_135' title='bbox 624 2598 733 2662; x_wconf 91' lang='lat' dir='ltr'><strong>hostis</strong></span> <span class='ocrx_word' id='word_1_136' title='bbox 751 2599 1030 2680; x_wconf 82' lang='lat' dir='ltr'><strong>congressionem</strong></span> <span class='ocrx_word' id='word_1_137' title='bbox 1051 2596 1369 2679; x_wconf 89' lang='lat' dir='ltr'><strong>incircumspectins</strong></span> 
     </span>
     <span class='ocr_line' id='line_1_23' title="bbox 419 2695 1369 2778; baseline -0.003 -18"><span class='ocrx_word' id='word_1_138' title='bbox 419 2705 557 2778; x_wconf 87' lang='lat' dir='ltr'><strong>poterat</strong></span> <span class='ocrx_word' id='word_1_139' title='bbox 582 2698 724 2762; x_wconf 84' lang='lat' dir='ltr'><strong>evitare.</strong></span> <span class='ocrx_word' id='word_1_140' title='bbox 777 2697 822 2760; x_wconf 92' lang='lat' dir='ltr'><strong>Iu</strong></span> <span class='ocrx_word' id='word_1_141' title='bbox 848 2697 912 2760; x_wconf 90' lang='lat' dir='ltr'><strong>hoo</strong></span> <span class='ocrx_word' id='word_1_142' title='bbox 937 2705 1053 2761; x_wconf 91' lang='lat' dir='ltr'><strong>autem</strong></span> <span class='ocrx_word' id='word_1_143' title='bbox 1079 2696 1160 2759; x_wconf 90' lang='lat' dir='ltr'><strong>belli</strong></span> <span class='ocrx_word' id='word_1_144' title='bbox 1182 2695 1369 2759; x_wconf 90' lang='lat' dir='ltr'><strong>certamine</strong></span> 
     </span>
     <span class='ocr_line' id='line_1_24' title="bbox 420 2795 1370 2878; baseline -0.002 -20"><span class='ocrx_word' id='word_1_145' title='bbox 420 2803 587 2877; x_wconf 91' lang='lat' dir='ltr'><strong>quantum</strong></span> <span class='ocrx_word' id='word_1_146' title='bbox 603 2796 715 2859; x_wconf 84' lang='lat' dir='ltr'><strong>virtus</strong></span> <span class='ocrx_word' id='word_1_147' title='bbox 732 2796 823 2876; x_wconf 87' lang='lat' dir='ltr'><strong>regis</strong></span> <span class='ocrx_word' id='word_1_148' title='bbox 843 2795 1016 2872; x_wconf 87' lang='lat' dir='ltr'><strong>enituerit,</strong></span> <span class='ocrx_word' id='word_1_149' title='bbox 1034 2802 1271 2878; x_wconf 90' lang='lat' dir='ltr'><strong>quantumque</strong></span> <span class='ocrx_word' id='word_1_150' title='bbox 1291 2813 1370 2856; x_wconf 87' lang='lat' dir='ltr'><strong>suo-</strong></span> 
     </span>
     <span class='ocr_line' id='line_1_25' title="bbox 420 2891 1371 2978; baseline -0.001 -23"><span class='ocrx_word' id='word_1_151' title='bbox 420 2913 494 2955; x_wconf 93' lang='lat' dir='ltr'><strong>rnm</strong></span> <span class='ocrx_word' id='word_1_152' title='bbox 522 2894 678 2976; x_wconf 87' lang='lat' dir='ltr'><strong>probitas</strong></span> <span class='ocrx_word' id='word_1_153' title='bbox 707 2895 881 2972; x_wconf 92' lang='lat' dir='ltr'><strong>claruerit,</strong></span> <span class='ocrx_word' id='word_1_154' title='bbox 909 2902 1061 2978; x_wconf 91' lang='lat' dir='ltr'><strong>quotque</strong></span> <span class='ocrx_word' id='word_1_155' title='bbox 1086 2893 1236 2957; x_wconf 91' lang='lat' dir='ltr'><strong>hostium</strong></span> <span class='ocrx_word' id='word_1_156' title='bbox 1262 2891 1371 2955; x_wconf 90' lang='lat' dir='ltr'><strong>millia</strong></span> 
     </span>
     <span class='ocr_line' id='line_1_26' title="bbox 420 2990 1368 3073; baseline 0.001 -21"><span class='ocrx_word' id='word_1_157' title='bbox 420 2990 463 3053; x_wconf 93' lang='lat' dir='ltr'><strong>de</strong></span> <span class='ocrx_word' id='word_1_158' title='bbox 492 2992 612 3072; x_wconf 85' lang='lat' dir='ltr'><strong>praelio</strong></span> <span class='ocrx_word' id='word_1_159' title='bbox 640 2992 825 3073; x_wconf 81' lang='lat' dir='ltr'><strong>fugaverit,</strong></span> <span class='ocrx_word' id='word_1_160' title='bbox 857 2994 1057 3057; x_wconf 87' lang='lat' dir='ltr'><strong>incredibile</strong></span> <span class='ocrx_word' id='word_1_161' title='bbox 1087 2994 1198 3056; x_wconf 90' lang='lat' dir='ltr'><strong>relatu</strong></span> <span class='ocrx_word' id='word_1_162' title='bbox 1221 2992 1368 3067; x_wconf 85' lang='lat' dir='ltr'><strong>videtur,</strong></span> 
     </span>
     <span class='ocr_line' id='line_1_27' title="bbox 421 3089 1369 3170; baseline 0.004 -20"><span class='ocrx_word' id='word_1_163' title='bbox 421 3089 487 3151; x_wconf 88' lang='lat' dir='ltr'><strong>nisi</strong></span> <span class='ocrx_word' id='word_1_164' title='bbox 513 3090 624 3152; x_wconf 90' lang='lat' dir='ltr'><strong>virtus</strong></span> <span class='ocrx_word' id='word_1_165' title='bbox 655 3091 773 3153; x_wconf 88' lang='lat' dir='ltr'><strong>divina</strong></span> <span class='ocrx_word' id='word_1_166' title='bbox 800 3092 1012 3156; x_wconf 88' lang='lat' dir='ltr'><strong>attendatur.</strong></span> <span class='ocrx_word' id='word_1_167' title='bbox 1066 3091 1154 3170; x_wconf 84' lang='lat' dir='ltr'><strong>Quis</strong></span> <span class='ocrx_word' id='word_1_168' title='bbox 1186 3092 1277 3155; x_wconf 90' lang='lat' dir='ltr'><strong>enim</strong></span> <span class='ocrx_word' id='word_1_169' title='bbox 1308 3111 1369 3154; x_wconf 89' lang='lat' dir='ltr'><strong>nn·</strong></span> 
     </span>
     <span class='ocr_line' id='line_1_28' title="bbox 421 3187 1371 3271; baseline 0.004 -23"><span class='ocrx_word' id='word_1_170' title='bbox 421 3205 525 3269; x_wconf 85' lang='lat' dir='ltr'><strong>quarn</strong></span> <span class='ocrx_word' id='word_1_171' title='bbox 561 3187 715 3251; x_wconf 87' lang='lat' dir='ltr'><strong>crederet</strong></span> <span class='ocrx_word' id='word_1_172' title='bbox 746 3192 924 3271; x_wconf 86' lang='lat' dir='ltr'><strong>octoginta</strong></span> <span class='ocrx_word' id='word_1_173' title='bbox 956 3190 1083 3254; x_wconf 89' lang='lat' dir='ltr'><strong>milites</strong></span> <span class='ocrx_word' id='word_1_174' title='bbox 1114 3198 1235 3255; x_wconf 89' lang='lat' dir='ltr'><strong>contra</strong></span> <span class='ocrx_word' id='word_1_175' title='bbox 1268 3209 1371 3254; x_wconf 84' lang='lat' dir='ltr'><strong>sexa·</strong></span> 
     </span>
     <span class='ocr_line' id='line_1_29' title="bbox 421 3285 1369 3371; baseline 0.004 -24"><span class='ocrx_word' id='word_1_176' title='bbox 421 3285 519 3364; x_wconf 86' lang='lat' dir='ltr'><strong>ginta</strong></span> <span class='ocrx_word' id='word_1_177' title='bbox 549 3285 617 3349; x_wconf 92' lang='lat' dir='ltr'><strong>duo</strong></span> <span class='ocrx_word' id='word_1_178' title='bbox 649 3286 757 3350; x_wconf 90' lang='lat' dir='ltr'><strong>millia</strong></span> <span class='ocrx_word' id='word_1_179' title='bbox 787 3287 857 3352; x_wconf 89' lang='lat' dir='ltr'><strong>fere</strong></span> <span class='ocrx_word' id='word_1_180' title='bbox 885 3309 948 3371; x_wconf 93' lang='lat' dir='ltr'><strong>per</strong></span> <span class='ocrx_word' id='word_1_181' title='bbox 980 3297 1090 3353; x_wconf 92' lang='lat' dir='ltr'><strong>totum</strong></span> <span class='ocrx_word' id='word_1_182' title='bbox 1122 3290 1190 3353; x_wconf 91' lang='lat' dir='ltr'><strong>diei</strong></span> <span class='ocrx_word' id='word_1_183' title='bbox 1219 3289 1369 3371; x_wconf 92' lang='lat' dir='ltr'><strong>spatium</strong></span> 
     </span>
     <span class='ocr_line' id='line_1_30' title="bbox 421 3382 1369 3470; baseline 0.006 -26"><span class='ocrx_word' id='word_1_184' title='bbox 421 3382 473 3445; x_wconf 92' lang='lat' dir='ltr'><strong>ita</strong></span> <span class='ocrx_word' id='word_1_185' title='bbox 495 3383 772 3467; x_wconf 89' lang='lat' dir='ltr'><strong>insuperabiliter</strong></span> <span class='ocrx_word' id='word_1_186' title='bbox 798 3389 952 3469; x_wconf 88' lang='lat' dir='ltr'><strong>potuisse</strong></span> <span class='ocrx_word' id='word_1_187' title='bbox 978 3389 1154 3470; x_wconf 87' lang='lat' dir='ltr'><strong>congredi,</strong></span> <span class='ocrx_word' id='word_1_188' title='bbox 1182 3397 1235 3452; x_wconf 90' lang='lat' dir='ltr'><strong>tot</strong></span> <span class='ocrx_word' id='word_1_189' title='bbox 1259 3387 1369 3450; x_wconf 91' lang='lat' dir='ltr'><strong>missi-</strong></span> 
     </span>
     <span class='ocr_line' id='line_1_31' title="bbox 420 3481 1371 3570; baseline 0.005 -27"><span class='ocrx_word' id='word_1_190' title='bbox 420 3481 504 3546; x_wconf 90' lang='lat' dir='ltr'><strong>lium</strong></span> <span class='ocrx_word' id='word_1_191' title='bbox 524 3483 649 3547; x_wconf 90' lang='lat' dir='ltr'><strong>ictibus</strong></span> <span class='ocrx_word' id='word_1_192' title='bbox 673 3486 804 3568; x_wconf 90' lang='lat' dir='ltr'><strong>impeti,</strong></span> <span class='ocrx_word' id='word_1_193' title='bbox 829 3494 882 3551; x_wconf 93' lang='lat' dir='ltr'><strong>tot</strong></span> <span class='ocrx_word' id='word_1_194' title='bbox 904 3488 1032 3570; x_wconf 91' lang='lat' dir='ltr'><strong>jaculis</strong></span> <span class='ocrx_word' id='word_1_195' title='bbox 1056 3488 1218 3564; x_wconf 89' lang='lat' dir='ltr'><strong>lanceari,</strong></span> <span class='ocrx_word' id='word_1_196' title='bbox 1240 3495 1280 3550; x_wconf 93' lang='lat' dir='ltr'><strong>nt</strong></span> <span class='ocrx_word' id='word_1_197' title='bbox 1303 3505 1371 3549; x_wconf 91' lang='lat' dir='ltr'><strong>nou</strong></span> 
     </span>
     <span class='ocr_line' id='line_1_32' title="bbox 420 3581 1371 3669; baseline 0.005 -27"><span class='ocrx_word' id='word_1_198' title='bbox 420 3581 532 3644; x_wconf 91' lang='lat' dir='ltr'><strong>solum</strong></span> <span class='ocrx_word' id='word_1_199' title='bbox 549 3582 649 3646; x_wconf 87' lang='lat' dir='ltr'><strong>illaesi</strong></span> <span class='ocrx_word' id='word_1_200' title='bbox 668 3584 865 3663; x_wconf 89' lang='lat' dir='ltr'><strong>evaderent,</strong></span> <span class='ocrx_word' id='word_1_201' title='bbox 885 3587 946 3649; x_wconf 93' lang='lat' dir='ltr'><strong>sed</strong></span> <span class='ocrx_word' id='word_1_202' title='bbox 967 3606 1030 3650; x_wconf 92' lang='lat' dir='ltr'><strong>nec</strong></span> <span class='ocrx_word' id='word_1_203' title='bbox 1049 3606 1070 3649; x_wconf 90' lang='lat' dir='ltr'><strong>a</strong></span> <span class='ocrx_word' id='word_1_204' title='bbox 1089 3588 1200 3669; x_wconf 90' lang='lat' dir='ltr'><strong>prima</strong></span> <span class='ocrx_word' id='word_1_205' title='bbox 1219 3586 1371 3649; x_wconf 88' lang='lat' dir='ltr'><strong>statione</strong></span> 
     </span>
     <span class='ocr_line' id='line_1_33' title="bbox 419 3683 1372 3766; baseline 0.004 -24"><span class='ocrx_word' id='word_1_206' title='bbox 419 3698 484 3742; x_wconf 90' lang='lat' dir='ltr'><strong>sua</strong></span> <span class='ocrx_word' id='word_1_207' title='bbox 506 3700 567 3762; x_wconf 91' lang='lat' dir='ltr'><strong>per</strong></span> <span class='ocrx_word' id='word_1_208' title='bbox 589 3683 691 3746; x_wconf 92' lang='lat' dir='ltr'><strong>unius</strong></span> <span class='ocrx_word' id='word_1_209' title='bbox 710 3684 806 3764; x_wconf 91' lang='lat' dir='ltr'><strong>pedis</strong></span> <span class='ocrx_word' id='word_1_210' title='bbox 828 3686 977 3766; x_wconf 90' lang='lat' dir='ltr'><strong>spatium</strong></span> <span class='ocrx_word' id='word_1_211' title='bbox 999 3686 1264 3760; x_wconf 88' lang='lat' dir='ltr'><strong>retrocederent,</strong></span> <span class='ocrx_word' id='word_1_212' title='bbox 1288 3684 1372 3765; x_wconf 90' lang='lat' dir='ltr'><strong>quin</strong></span> 
     </span>
     <span class='ocr_line' id='line_1_34' title="bbox 421 3779 1371 3865; baseline 0.003 -25"><span class='ocrx_word' id='word_1_213' title='bbox 421 3786 456 3840; x_wconf 91' lang='lat' dir='ltr'><strong>et</strong></span> <span class='ocrx_word' id='word_1_214' title='bbox 486 3779 702 3844; x_wconf 85' lang='lat' dir='ltr'><strong>adversarios</strong></span> <span class='ocrx_word' id='word_1_215' title='bbox 735 3782 886 3864; x_wconf 91' lang='lat' dir='ltr'><strong>undique</strong></span> <span class='ocrx_word' id='word_1_216' title='bbox 921 3783 1158 3865; x_wconf 87' lang='lat' dir='ltr'><strong>profligarent,</strong></span> <span class='ocrx_word' id='word_1_217' title='bbox 1186 3783 1302 3846; x_wconf 86' lang='lat' dir='ltr'><strong>laetam</strong></span> <span class='ocrx_word' id='word_1_218' title='bbox 1336 3787 1371 3843; x_wconf 94' lang='lat' dir='ltr'><strong>et</strong></span> 
     </span>
    </p>
   </div>
   <div class='ocr_carea' id='block_1_3' title="bbox 420 3875 1371 3964">
    <p class='ocr_par' dir='ltr' id='par_1_3' title="bbox 420 3875 1371 3964">
     <span class='ocr_line' id='line_1_35' title="bbox 420 3875 1371 3964; baseline 0.003 -26"><span class='ocrx_word' id='word_1_219' title='bbox 420 3875 635 3958; x_wconf 88' lang='lat' dir='ltr'><strong>inopinatam</strong></span> <span class='ocrx_word' id='word_1_220' title='bbox 658 3881 850 3957; x_wconf 89' lang='lat' dir='ltr'><strong>victoriam,</strong></span> <span class='ocrx_word' id='word_1_221' title='bbox 872 3881 1002 3964; x_wconf 90' lang='lat' dir='ltr'><strong>fugatis</strong></span> <span class='ocrx_word' id='word_1_222' title='bbox 1025 3882 1195 3957; x_wconf 90' lang='lat' dir='ltr'><strong>hostibus,</strong></span> <span class='ocrx_word' id='word_1_223' title='bbox 1218 3887 1371 3963; x_wconf 87' lang='lat' dir='ltr'><strong>reporta·</strong></span> 
     </span>
    </p>
   </div>
   <div class='ocr_carea' id='block_1_4' title="bbox 419 4046 1371 4187">
    <p class='ocr_par' dir='ltr' id='par_1_4' title="bbox 419 4046 1371 4187">
     <span class='ocr_line' id='line_1_36' title="bbox 456 4046 1371 4121; baseline 0.011 -23"><span class='ocrx_word' id='word_1_224' title='bbox 456 4046 526 4099; x_wconf 84' lang='lat' dir='ltr'><strong>¹Nec</strong></span> <span class='ocrx_word' id='word_1_225' title='bbox 537 4054 625 4116; x_wconf 80' lang='lat' dir='ltr'><strong>mora]</strong></span> <span class='ocrx_word' id='word_1_226' title='bbox 638 4053 798 4114; x_wconf 75' lang='lat' dir='ltr'><strong>coggeshala</strong></span> <span class='ocrx_word' id='word_1_227' title='bbox 810 4055 881 4117; x_wconf 81' lang='lat' dir='ltr'><strong>gives</strong></span> <span class='ocrx_word' id='word_1_228' title='bbox 909 4059 935 4106; x_wconf 90' lang='lat' dir='ltr'><strong>in</strong></span> <span class='ocrx_word' id='word_1_229' title='bbox 945 4058 996 4108; x_wconf 84' lang='lat' dir='ltr'><strong>this</strong></span> <span class='ocrx_word' id='word_1_230' title='bbox 1007 4064 1182 4121; x_wconf 88' lang='lat' dir='ltr'><strong>engagement,</strong></span> <span class='ocrx_word' id='word_1_231' title='bbox 1192 4058 1254 4107; x_wconf 82' lang='lat' dir='ltr'><strong>from</strong></span> <span class='ocrx_word' id='word_1_232' title='bbox 1267 4072 1300 4108; x_wconf 86' lang='lat' dir='ltr'><strong>an</strong></span> <span class='ocrx_word' id='word_1_233' title='bbox 1314 4073 1371 4120; x_wconf 81' lang='lat' dir='ltr'><strong>eye·</strong></span> 
     </span>
     <span class='ocr_line' id='line_1_37' title="bbox 419 4119 1229 4187; baseline 0.014 -22"><span class='ocrx_word' id='word_1_234' title='bbox 419 4132 435 4166; x_wconf 85' lang='lat' dir='ltr'><strong>a</strong></span> <span class='ocrx_word' id='word_1_235' title='bbox 446 4119 505 4180; x_wconf 94' lang='lat' dir='ltr'><strong>long</strong></span> <span class='ocrx_word' id='word_1_236' title='bbox 516 4122 567 4168; x_wconf 88' lang='lat' dir='ltr'><strong>and</strong></span> <span class='ocrx_word' id='word_1_237' title='bbox 579 4122 726 4185; x_wconf 83' lang='lat' dir='ltr'><strong>interesting</strong></span> <span class='ocrx_word' id='word_1_238' title='bbox 736 4128 845 4173; x_wconf 87' lang='lat' dir='ltr'><strong>account</strong></span> <span class='ocrx_word' id='word_1_239' title='bbox 856 4126 885 4173; x_wconf 83' lang='lat' dir='ltr'><strong>oi</strong></span> <span class='ocrx_word' id='word_1_240' title='bbox 908 4129 1027 4187; x_wconf 67' lang='lat' dir='ltr'><strong>crimem</strong></span> <span class='ocrx_word' id='word_1_241' title='bbox 1044 4128 1103 4178; x_wconf 86' lang='lat' dir='ltr'><strong>coll.</strong></span> <span class='ocrx_word' id='word_1_242' title='bbox 1113 4132 1229 4178; x_wconf 66' lang='grc'><strong>8254328.</strong></span> 
     </span>
    </p>
   </div>
   <div class='ocr_carea' id='block_1_5' title="bbox 419 4186 1300 4260">
    <p class='ocr_par' dir='ltr' id='par_1_5' title="bbox 419 4186 1300 4260">
     <span class='ocr_line' id='line_1_38' title="bbox 419 4186 1300 4260; baseline 0.014 -26"><span class='ocrx_word' id='word_1_243' title='bbox 419 4186 462 4235; x_wconf 87' lang='lat' dir='ltr'><strong>the</strong></span> <span class='ocrx_word' id='word_1_244' title='bbox 479 4189 575 4250; x_wconf 78' lang='lat' dir='ltr'><strong>gallant</strong></span> <span class='ocrx_word' id='word_1_245' title='bbox 593 4192 702 4242; x_wconf 88' lang='lat' dir='ltr'><strong>conduct</strong></span> <span class='ocrx_word' id='word_1_246' title='bbox 721 4194 750 4242; x_wconf 85' lang='lat' dir='ltr'><strong>oi</strong></span> <span class='ocrx_word' id='word_1_247' title='bbox 769 4193 880 4243; x_wconf 84' lang='lat' dir='ltr'><strong>Richard</strong></span> <span class='ocrx_word' id='word_1_248' title='bbox 942 4193 1086 4260; x_wconf 52' lang='grc' dir='ltr'><strong>Ῥαμὰ]</strong></span> <span class='ocrx_word' id='word_1_249' title='bbox 1104 4197 1231 4248; x_wconf 78' lang='lat' dir='ltr'><strong>Ibidcol.</strong></span> <span class='ocrx_word' id='word_1_250' title='bbox 1242 4201 1300 4246; x_wconf 72' lang='lat'>828.</span> 
     </span>
    </p>
   </div>
   <div class='ocr_carea' id='block_1_6' title="bbox 0 0 1497 5016">
    <p class='ocr_par' dir='ltr' id='par_1_6' title="bbox 0 0 1497 5016">
     <span class='ocr_line' id='line_1_39' title="bbox 0 0 1497 5016; baseline 0 0"><span class='ocrx_word' id='word_1_251' title='bbox 0 0 1497 5016; x_wconf 95' lang='lat' dir='ltr'><strong> </strong></span> 
     </span>
    </p>
   </div>
  </div>
 </body>
</html>
