2970 5016
346 465 414 530 8oe
604 477 738 525 nocsru
763 478 812 523 nr
835 476 1041 524 wusoovan

186 652 310 694 sudus
347 648 385 703 et
410 638 487 701 loco
516 636 662 719 praefixo
690 635 736 698 ad
766 635 978 716 colloquium
1008 633 1207 698 condictum
1237 654 1294 696 rex

347 747 383 802 ct
400 746 596 818 magnates,
617 744 737 818 atque,
758 736 916 817 partibus
939 754 1097 798 seorsum
1118 733 1296 797 considen-

348 837 455 913 tibus,
478 843 660 918 coeporunt
678 834 723 897 de
748 853 834 917 pace
862 834 995 897 diutius
1026 843 1062 897 et
1081 833 1296 897 libertatibus

347 946 500 1001 tractare
525 934 735 1016 saepedictis.
799 933 957 996 Fuerunt
982 942 1100 996 autem
1127 934 1230 1015 quasi
1253 953 1296 997 ex

346 1044 447 1117 parte
489 1036 594 1116 regis,
628 1032 829 1115 Stephanus
867 1032 1133 1096 Cantuariensis
1177 1040 1216 1095 et
1248 1031 1294 1094 Η.

348 1135 573 1199 Dublinensis
604 1132 877 1215 archiepiscopi3
899 1131 959 1195 W.
980 1130 1225 1206 londinensis,
1256 1129 1295 1195 P.

347 1233 612 1309 Wintoniensis,
629 1231 679 1296 H.
699 1230 964 1306 lincolniensis,
980 1230 1019 1293 J.
1039 1229 1296 1307 Bathoniensis,

347 1332 526 1397 Walterus
542 1331 809 1413 wigorniensis,
825 1330 885 1394 W.
902 1329 1152 1394 Coventrensis
1173 1338 1211 1394 et
1229 1330 1297 1394 Be·

347 1433 506 1497 nedictus
530 1431 717 1507 Rotiensis,
741 1430 918 1513 episcopi3
947 1430 1117 1510 magister
1142 1428 1297 1492 Pandul·

347 1532 449 1615 phus,
460 1532 590 1596 domini
607 1549 708 1613 papae
725 1529 918 1605 familiaris,
933 1537 970 1592 et
982 1529 1150 1610 magister
1163 1529 1296 1592 militine

346 1631 482 1713 Templi
503 1633 538 1695 in
561 1629 704 1711 Anglia,
732 1628 839 1693 irater
863 1627 1083 1706 Almaricus3
1109 1627 1177 1691 viri
1199 1630 1296 1692 nobi·

347 1730 410 1806 les,
433 1730 493 1794 W.
526 1727 789 1803 Mareschallus,
825 1747 941 1791 comcs
975 1726 1150 1804 Penbroe,
1181 1748 1296 1792 comes

347 1830 622 1904 Saresbiriensis,
643 1847 758 1891 comes
775 1828 974 1902 Warennae,
995 1846 1112 1891 comcs
1131 1826 1297 1904 Arundel,

346 1928 481 1993 Alanus
509 1929 551 1992 de
577 1928 768 2003 Galeweia,
796 1926 853 1990 W.
877 1926 985 1988 filius·
987 1925 1145 2002 Geroldi,
1171 1926 1296 1991 Petrus

347 2029 454 2092 filius·
458 2028 656 2103 Hereberti,
672 2026 807 2091 Alanus
825 2025 964 2101 Basset,
982 2024 1177 2089 Matthaeus
1192 2026 1296 2090 tilius

347 2126 545 2203 Hereberti,
573 2126 727 2189 Thomas
762 2126 900 2201 Basset,
932 2124 1041 2207 lingo
1067 2125 1111 2188 de
1145 2125 1294 2202 Nevilla,

347 2225 529 2288 Hubertus
556 2225 600 2288 de
628 2224 760 2306 Burgo,
788 2223 1023 2288 seneschallus
1053 2224 1296 2302 Pictavieusis,

347 2325 523 2389 Robertus
549 2324 593 2387 de
618 2323 800 2405 Ropeleia,
822 2324 1003 2388 Johanucs
1033 2324 1296 2401 Marcsohallns,

348 2423 532 2506 Philippus
562 2424 605 2487 de
634 2422 816 2487 Albeneio.
876 2423 963 2488 Illos
989 2443 1139 2507 quoqne,
1163 2425 1224 2506 qui
1250 2444 1294 2488 ex

347 2532 446 2605 parte
467 2525 636 2588 baronum
658 2522 857 2599 adsuerunt,
877 2543 946 2586 non
968 2532 1021 2588 cst
1040 2542 1181 2587 necesse
1196 2523 1296 2588 dinu-

346 2642 490 2699 merare,
507 2642 586 2688 cum
601 2630 677 2686 tota
688 2620 828 2704 Angliae
845 2622 1007 2686 nobilitas
1024 2623 1123 2703 regni
1139 2624 1176 2686 in
1191 2643 1295 2687 unum

346 2723 491 2788 collecta
516 2722 616 2804 quasi
640 2722 706 2785 sub
734 2741 876 2784 numero
899 2741 969 2785 non
989 2721 1149 2785 cadebat.
1201 2722 1295 2787 Ten·

346 2822 422 2885 dem
441 2821 560 2903 igitur,
578 2840 656 2885 cum
674 2820 754 2884 hinc
771 2821 850 2884 indo
867 2822 903 2883 in
919 2822 1019 2885 varia
1037 2829 1131 2884 sorte
1146 2829 1294 2886 tractas-

346 2929 435 2997 sent,
458 2941 519 2985 rex
539 2920 562 2985 J
565 2921 731 2996 ohannes,
751 2922 843 2983 vires
865 2938 949 2983 suos
973 2922 1141 2984 baronum
1166 2921 1294 2985 viribus

346 3020 496 3102 impares
526 3020 736 3101 intelligens,
761 3020 836 3083 sinc
864 3018 1066 3084 difficultate
1090 3020 1187 3102 legcs
1213 3022 1294 3083 sub-

346 3120 494 3200 scriptus
511 3127 546 3182 et
562 3119 741 3184 libertates
762 3121 933 3183 concessit
955 3128 991 3183 et
1015 3113 1155 3183 'charta
1174 3140 1240 3183 sua
1260 3120 1294 3182 in

345 3216 436 3282 hunc
458 3219 596 3282 modum
615 3219 854 3297 confirmavit3

385 3389 503 3454 Charta
520 3391 599 3476 regiis
615 3391 770 3456 Jobannis
786 3393 823 3456 ds
841 3391 1046 3456 commonibus
1061 3391 1257 3459 libertatibus

654 3489 818 3556 baronibus
832 3492 982 3556 bonensis.

396 3621 404 3647 ‘
423 3613 446 3678 J
449 3614 616 3692 ohannes,
634 3617 701 3680 Dei
724 3617 838 3698 gratia
854 3636 916 3680 rex
934 3616 1085 3699 Angliae,
1103 3624 1139 3680 et
1155 3626 1292 3682 caetera.

346 3712 471 3777 Sciatis
505 3734 580 3792 nos,
611 3716 740 3779 intuitu
771 3715 839 3779 Dei
869 3724 905 3779 et
935 3736 999 3798 pro
1027 3716 1141 3780 salute
1172 3718 1293 3781 animae

346 3821 474 3877 nostres
510 3822 546 3878 et
575 3822 831 3878 antecessorum
870 3817 1022 3879 omnium
1059 3820 1096 3879 et
1120 3816 1294 3881 haeredum

345 3931 507 3990 meorum,
521 3912 564 3976 od
577 3914 739 3979 honorem
754 3916 834 3993 Dei,
846 3915 888 3978 ad
904 3916 1151 3980 exaltationem
1165 3926 1294 3981 sanctas

345 4013 500 4077 ecclesiae
531 4022 566 4078 et
588 4015 861 4078 emendationem
887 4017 984 4097 regni
1008 4016 1130 4092 nostri,
1154 4035 1294 4080 conces·

379 4188 385 4218 ¹
402 4191 496 4241 Charta
513 4187 587 4260 sun]
610 4192 658 4240 See
678 4207 711 4241 an
731 4207 806 4254 essny
833 4192 862 4242 os
870 4193 912 4241 the
924 4193 1022 4241 several
1038 4193 1139 4253 barons,
1155 4197 1206 4243 etc.
1219 4193 1253 4254 by
1266 4192 1295 4239 lt.

342 4275 409 4322 upon
419 4261 517 4324 Magna
526 4262 629 4325 Charta,
638 4262 700 4312 wilh
711 4263 807 4313 notioes
833 4263 968 4325 Thomson,
978 4262 1021 4312 ed.
1035 4260 1115 4311 lond.
1128 4265 1202 4312 18²⁹.
