2970 5016
456 462 595 512 rnonns
618 462 890 512 ursronmnun.
1079 450 1146 515 335

193 624 267 681 tote
287 617 476 696 dissolutis,
496 619 729 683 desilientibus
752 612 908 701 ¹paravit
925 621 1117 700 ingressum
1133 641 1142 700 ;
1157 630 1280 719 3⁰¹3ssssss

194 723 241 792 et,
264 717 308 780 ad
336 717 402 782 hoc
425 737 504 783 curn
532 719 624 800 regis
647 717 821 782 exercitus
847 718 1032 800 plurimum
1054 719 1142 784 nite·
1156 729 1221 770 cour
1234 729 1308 769 “¹0¹¹-

194 822 301 891 retur,
323 817 459 894 inclusi,
481 836 598 881 eorum
622 816 783 881 laceratis
802 818 1010 897 agminibus,
1033 826 1143 882 retro-

193 914 314 978 cedere
348 915 598 999 compulerunt.
665 915 828 991 Domum,
859 935 937 980 cum
967 916 1144 981 Willelmo

195 1013 238 1076 de
255 1013 425 1078 Albeneio
443 1023 480 1078 et
500 1014 578 1077 aliis
597 1013 681 1077 viris
703 1013 888 1090 nobilibus,
909 1014 968 1095 qni
987 1034 1067 1079 cum
1082 1016 1144 1080 illo

195 1119 308 1187 erant,
335 1133 397 1177 nec
424 1113 527 1176 unice
548 1111 745 1176 refectionis
774 1112 930 1176 buccella
956 1114 1143 1196 superfuis-

195 1219 261 1285 set,
284 1217 384 1293 turpe
406 1211 472 1275 sibi
491 1211 592 1274 nimis
611 1210 794 1274 videbatur
809 1210 900 1275 fame
920 1212 1043 1292 perire,
1065 1231 1143 1276 curn

195 1309 301 1372 armis
317 1311 473 1392 superari
490 1328 560 1373 non
576 1315 737 1391 possent3
765 1310 868 1385 unde,
889 1312 1142 1375 communicato

196 1408 352 1485 consilio,
386 1428 505 1473 omnes
541 1407 612 1472 sere
643 1408 756 1484 illaesi,
789 1416 936 1491 excepto
966 1429 1034 1473 nno
1068 1410 1143 1474 solo

195 1506 316 1584 milite,
341 1508 402 1591 qni
429 1508 499 1573 telo
525 1525 709 1589 percussus
734 1507 877 1583 interiit,
904 1516 1072 1572 exeuntes
1100 1510 1144 1571 de

195 1606 283 1670 turri
312 1607 347 1670 in
377 1607 433 1671 die
465 1607 559 1670 beati
587 1604 738 1669 Andreae
776 1606 927 1688 apostoli
960 1625 1036 1670 sese
1070 1609 1143 1688 regi

195 1713 502 1786 praesenteverunt.
564 1704 762 1769 Duraverat
783 1712 901 1768 nutem
924 1706 1059 1769 obsidio
1082 1707 1143 1769 tri-

194 1805 259 1866 bus
281 1803 352 1868 fere
371 1805 558 1880 mensibus,
587 1804 679 1866 unde
702 1823 778 1880 rex,
797 1810 870 1866 tum
893 1813 1034 1886 propter
1056 1806 1143 1868 mul-

194 1903 376 1967 titudinem
401 1903 671 1978 interfectorum,
693 1908 766 1966 tum
792 1910 934 1984 propter
954 1897 1142 1967 ²infinitam

195 2003 349 2083 pecuniae
374 2021 543 2065 summam
569 2020 674 2085 quam
698 2001 734 2063 in
758 2001 935 2066 obsidione
962 2022 1142 2085 consump

194 2109 300 2176 seret,
327 2102 433 2165 nimio
457 2102 574 2165 furore
596 2119 782 2164 succensus
805 2101 985 2165 universos
1008 2102 1141 2165 nobiles

194 2200 275 2264 illos
301 2200 458 2283 patibulo
485 2199 650 2281 suspendi
680 2201 873 2281 praecepit3
918 2201 978 2264 sed
1005 2201 1059 2265 vir
1081 2221 1142 2266 no·

194 2299 273 2362 bilis
306 2300 490 2363 Savaricus
521 2299 565 2361 de
598 2298 811 2363 Malo-leone
844 2299 881 2362 in
910 2299 1033 2364 sociem
1068 2302 1141 2384 regi

194 2397 359 2461 resistens
380 2399 441 2475 ait,
473 2397 647 2461 ‘Domine
674 2417 749 2474 rex,
776 2417 887 2462 werre
909 2407 1030 2462 nostra
1056 2419 1143 2463 non·

194 2497 276 2559 dum
293 2496 392 2560 finito
408 2503 474 2574 est,
492 2497 584 2560 unde
601 2497 700 2560 vobis
719 2496 902 2577 diligenter
921 2497 1141 2561 consideren-

195 2596 276 2659 dum
298 2604 363 2674 est,
386 2615 490 2678 quom
514 2595 628 2659 varios
647 2603 792 2659 eventus
815 2595 907 2658 belle
931 2596 1141 2676 sortientur3

195 2714 329 2777 nempe,
356 2695 386 2757 si
414 2694 513 2759 nobis
542 2696 629 2759 istos
658 2713 750 2757 nunc
776 2694 963 2776 suspendio
982 2694 1141 2772 tradatis,

195 2794 342 2857 barones
364 2793 555 2858 adversarii
578 2795 689 2857 nostri
709 2793 764 2856 vel
789 2812 843 2857 me
863 2792 951 2857 forte
973 2793 1029 2857 vel
1054 2794 1142 2857 elios

194 2892 238 2955 de
265 2894 421 2956 exercitu
444 2900 562 2958 vestro
589 2892 722 2956 nobiles
748 2892 953 2974 intercipere
978 2898 1142 2974 poterunt

196 2992 365 3054 consimili
387 3011 473 3055 casn
501 2992 537 3055 in
567 2992 664 3055 brevi
691 2997 727 3055 et
748 2990 907 3072 exemplo
931 2992 1040 3055 vestri
1066 3010 1143 3055 sus-

195 3090 319 3171 pendio
344 3090 493 3167 tradere,
526 3091 620 3171 quod
647 3090 739 3154 obsit
761 3109 783 3154 a
809 3091 907 3154 vobis
938 3110 982 3154 ne
1007 3091 1141 3154 contin·

195 3196 267 3269 gut,
292 3189 376 3271 quio
398 3189 460 3252 tali
480 3188 677 3253 conditione
703 3188 819 3252 nullus
843 3190 880 3252 in
904 3199 1020 3253 vestro
1044 3192 1144 3254 obse-

195 3289 277 3369 quio
295 3287 484 3353 militaret?
533 3287 634 3351 Tunc
651 3307 725 3364 rex,
739 3287 821 3351 licet
836 3287 978 3364 invitus,
998 3288 1143 3352 consilio

195 3387 271 3468 ejus
296 3395 332 3451 et
348 3387 495 3451 aliorum
517 3386 669 3451 virorum
691 3386 897 3469 prudentum
917 3386 1142 3469 adquiescens

193 3485 407 3549 Willelmum
436 3486 479 3550 de
503 3485 685 3562 Albeneio,
707 3485 767 3549 W.
789 3484 832 3548 de
859 3484 1060 3562 Lancestre,
1082 3485 1142 3549 W.
1240 3509 1244 3516 ’

194 3584 237 3648 de
264 3583 440 3662 Eineford,
462 3585 633 3649 Thomam
660 3585 703 3648 de
732 3583 926 3660 Muletune,
956 3583 1142 3648 Osbertum

194 3681 353 3764 Gyffard,
375 3678 579 3748 ³0sbertum
601 3685 645 3747 de
668 3684 769 3759 Boni,
791 3682 990 3746 Odinellum
1013 3681 1057 3746 de
1080 3681 1142 3745 Al-

231 3831 238 3861 ¹
250 3834 365 3884 Paravit.
377 3829 390 3901 ]
419 3834 612 3883 ‘Pnreverunt'
628 3836 654 3883 in
681 3833 784 3895 pnlstus
796 3833 863 3893 est3’
875 3832 1041 3895 Coggeshnle,
1048 3848 1075 3894 p.
1086 3837 1142 3882 lot).

191 3904 250 3953 MS.
716 3900 869 3952 ὈΜΝ
890 3904 919 3951 de
936 3899 1033 3969 Boot]
1057 3903 1089 3951 In
1100 3903 1142 3951 the

229 3969 379 4038 ’infinitam
394 3972 502 4036 prumia
517 3973 655 4035 summam]
682 3972 775 4021 Patent
785 3973 867 4032 Rolls,
883 3971 925 4021 ed.
936 3971 1038 4033 Hordy,
1048 3987 1075 4034 p.
1087 3976 1144 4033 290,
1180 4024 1184 4032 ,

190 4041 243 4091 ‘In
266 4056 318 4104 qun
340 4042 471 4092 obsidione
493 4057 538 4091 rex
561 4056 656 4102 expen·
681 4040 704 4090 is
715 4056 732 4090 s
742 4046 816 4103 grant
830 4041 859 4090 os
872 4041 914 4089 the
931 4041 991 4090 lend
1007 4042 1036 4089 os
1051 4041 1145 4090 Osbert

191 4111 231 4160 dit
250 4113 277 4160 in
301 4111 474 4173 stipendiariis
496 4111 556 4172 plne
577 4125 653 4172 quam
681 4110 714 4158 de
731 4110 814 4171 Boby,
829 4110 891 4172 ‘qni
907 4114 946 4159 est
960 4125 1018 4159 cum
1034 4110 1145 4159 inimicis

191 4182 326 4243 sexaginta
347 4182 428 4230 millis
453 4195 594 4229 marcorum
616 4185 654 4229 to-
681 4174 788 4242 nostris,’
805 4185 831 4228 to
847 4181 932 4241 Roger
948 4180 980 4228 de
996 4180 1144 4230 Stikewnnd

191 4257 293 4311 temque
315 4250 431 4300 Cantium
454 4250 591 4300 crudeliter
611 4264 656 4311 po·
680 4250 774 4312 during
783 4249 826 4299 the
837 4243 921 4310 king'e
930 4250 1057 4310 pieesure.
