2970 5016
236 912 291 953 Μ).
303 911 358 951 ner.

235 961 359 1002 maceston

234 1012 330 1050 estvm

237 1060 331 1099 ittetrartl

235 1110 277 1149 end
287 1109 324 1148 the

235 1157 360 1206 srchbtsltop

237 1208 262 1247 ot
268 1207 350 1246 Rauen.

394 428 458 492 118
631 442 765 489 noonnr
789 441 837 489 nn
859 440 1068 489 wssnovsn

490 667 558 730 Rae
574 667 754 733 Biclardas
767 668 889 732 nactos
903 667 988 732 misit
1002 667 1134 731 Romam
1149 677 1258 733 contra

592 767 853 852 antiepiscopum
869 767 1144 851 Rothomapeosem.

439 888 543 952 Anno
563 890 686 969 gratiae
707 906 873 953 mcxcvn.
892 908 956 952 rex
978 887 1173 969 Anglorum
1194 888 1344 953 Richar-

396 986 461 1051 dus
482 987 548 1052 suit
569 988 605 1050 in
630 988 845 1052 Normannia
867 987 959 1069 apud
977 988 1110 1050 Burum
1132 987 1239 1050 nimia
1260 1005 1344 1049 con-

397 1085 493 1149 fusus
520 1088 693 1166 angustia,
717 1086 869 1168 eoquod
893 1079 1187 1167 ¹archiepiseopns
1209 1083 1346 1148 Rotho·

396 1185 570 1265 magensis
591 1185 627 1247 in
644 1184 895 1248 Normanniam
913 1183 1119 1247 sententiam
1141 1182 1271 1246 tulerat
1291 1183 1345 1245 in·

396 1282 553 1361 terdicti3
579 1282 745 1365 jacebant
761 1282 852 1345 enim
868 1300 1013 1363 corpora
1034 1280 1272 1344 defunctorum
1293 1280 1346 1343 in-

397 1381 535 1462 sepulta
559 1400 621 1462 per
642 1381 776 1461 plateas
798 1380 977 1443 civitatum
1000 1379 1163 1453 etnicos,
1187 1397 1266 1459 qnae
1292 1379 1343 1442 vi·

397 1479 557 1543 ventibus
589 1478 749 1543 foetorem
786 1497 855 1542 non
891 1478 1069 1540 minimum
1110 1477 1343 1541 incusserunt.

398 1576 499 1640 Misit
518 1596 601 1658 ergo
617 1597 681 1641 rex
697 1575 924 1653 Willelmum,
948 1576 1121 1639 Eliensem
1143 1575 1344 1657 episcopum

398 1683 433 1738 ot
458 1675 699 1738 cancellarium
723 1694 837 1750 sunm,
856 1675 1104 1757 episcoposque
1130 1673 1345 1737 Dunelmen·

398 1792 469 1836 sem
496 1781 531 1836 et
551 1767 564 1804 ²
571 1773 817 1837 Lixoniensem
841 1773 884 1836 ad
910 1772 1042 1835 curiam
1071 1771 1280 1847 Romanam,
1304 1779 1348 1835 nt

397 1890 537 1934 causam
554 1891 652 1934 suam
674 1871 895 1935 defenderent
912 1878 1033 1934 contra
1047 1869 1344 1951 archiepiscopum

398 1960 648 2048 memoratum
680 1968 740 2032 sed
758 1968 966 2045 WillelmnS,
981 1969 1163 2049 episcopus
1181 1967 1343 2044 Eliensis‚

399 2066 548 2130 Romam
576 2066 719 2130 tendens
744 2067 836 2148 apud
869 2065 1061 2131 Pictaviam
1083 2059 1190 2130 ³diem
1217 2066 1345 2131 clausit

398 2171 616 2243 extremum3
648 2164 804 2245 sepultus
835 2173 889 2229 est
921 2173 1036 2229 autem
1064 2165 1101 2227 in
1132 2164 1274 2228 abbatia
1301 2164 1346 2229 de

399 2260 491 2324 Pinu
520 2261 758 2326 cisterciensis
782 2263 911 2326 ordinis
938 2270 1063 2344 quarto
1087 2260 1256 2327 kalendas
1279 2261 1346 2325 Fe-

397 2360 538 2427 bruarii.
588 2361 680 2425 Socii
716 2368 832 2425 autem
868 2360 956 2443 ejus,
995 2361 1148 2443 episcopi
1184 2358 1346 2425 videlicet

398 2458 600 2538 supradicti,
626 2460 693 2524 iter
714 2459 928 2541 propositum
951 2459 1173 2541 expedientes
1196 2456 1347 2523 Romam

397 2565 638 2637 pervenerunt.
691 2557 983 2622 Conveniontibus
997 2563 1113 2621 autem
1129 2555 1287 2638 partibus
1308 2557 1345 2619 in

397 2657 583 2736 presentia
597 2657 725 2722 domini
747 2675 859 2738 papae,
884 2655 1021 2736 illisque
1043 2654 1228 2735 diligenter
1247 2654 1347 2720 andi-

398 2754 456 2830 tis,
484 2763 564 2837 post
594 2755 762 2818 diutinam
787 2753 1068 2818 deliberationem
1095 2752 1224 2817 domini
1251 2771 1345 2834 papa

398 2858 434 2917 ot
458 2853 650 2917 cardinales
677 2852 895 2916 attendentes
922 2851 1049 2916 damna
1076 2859 1112 2915 et
1133 2851 1345 2932 importuni·

397 2955 500 3025 tates,
526 2970 605 3032 quae
630 2950 703 3030 regi
728 2951 763 3012 in
790 2950 823 3013 N
826 2949 1005 3014 osmannia
1025 2957 1168 3030 possent
1192 2949 1348 3015 accidere

397 3047 463 3109 nisi
480 3048 578 3110 locus
590 3048 648 3111 ille
666 3047 846 3111 Andeliaci
864 3048 1078 3124 firmaretur;
1103 3046 1270 3111 dederunt
1290 3066 1347 3110 ar·

398 3142 615 3224 chiepiscopo
639 3145 831 3220 consilium,
853 3154 892 3208 ut
917 3165 995 3208 cum
1015 3145 1154 3208 domino
1178 3163 1241 3207 suo
1264 3164 1346 3225 rege

310 3318 312 3323 Ι
398 3241 623 3305 amicabiliter
644 3250 875 3323 componeret,
892 3252 927 3306 et
944 3244 987 3306 ab
1006 3262 1046 3306 co
1064 3244 1232 3324 reciperet
1248 3242 1344 3305 suffi-

398 3338 543 3402 cientem
561 3340 754 3404 ahlatorum
770 3340 1121 3423 recompensationem
1138 3341 1245 3423 juxta
1266 3360 1345 3422 pro·

323 3475 325 3480 -
396 3437 518 3500 borum
539 3439 801 3503 aestimationem
818 3440 992 3515 virorum3
1023 3439 1224 3502 asserebant
1240 3439 1345 3513 enim,

435 3659 865 3724 'Archiepiscopasliotltomogeasis.]
890 3663 1040 3723 archbishop
1064 3664 1091 3710 in
1117 3663 1218 3724 Diceto,
1245 3665 1295 3713 and
1323 3666 1351 3713 in

398 3728 453 3776 The
465 3743 555 3777 causes
563 3730 592 3777 of
600 3730 650 3778 this
661 3731 760 3790 quarrel
768 3733 865 3791 maybe
891 3732 1036 3791 Brompton.

403 3798 867 3861 seenmoreatlengthinNewbnrgh,
931 3797 1272 3863 'Diemelnssitextmffl
1283 3801 1350 3863 ‘jam

402 3881 428 3914 v.
439 3863 452 3930 ξ
464 3871 505 3915 28.
542 3867 590 3915 See
607 3868 661 3914 also
679 3868 721 3915 tho
737 3869 823 3915 letters
839 3869 869 3916 ol
891 3882 940 3916 non
951 3883 1034 3917 coram
1042 3869 1155 3917 Romano
1164 3871 1281 3928 pontifice
1293 3885 1354 3920 can-

400 3934 444 3982 the
456 3935 608 3996 arcibishop
617 3940 643 3983 to
655 3936 738 3997 ltalph
747 3936 779 3985 de
788 3936 866 3985 Dice-
891 3951 944 3985 sam
956 3938 1023 3998 regis
1034 3937 1172 3998 Anglorum
1185 3940 1352 3998 retumased

400 4007 437 4063 to,
449 4005 498 4053 col.
509 4007 568 4064 sot,
581 4019 645 4066 seqq.
891 4006 923 4053 ad
935 4007 1045 4054 tribunal
1057 4006 1136 4066 Regis
1145 4007 1292 4067 angelorum
1307 4023 1355 4069 pro

437 4067 657 4139 ’Lioeoniensem‚]
675 4073 865 4123 rather‘Lexo·
890 4071 1353 4135 seipsorationemredditurnm’New-

403 4140 515 4189 viensem
526 4137 541 4201 ;'
558 4143 623 4191 eoin
636 4143 678 4190 the
692 4144 765 4192 letter
778 4144 808 4191 oi
822 4144 864 4192 tlte
890 4143 982 4205 burgh,
992 4142 1094 4208 κω.
