2970 5016
409 455 548 503 uacans
573 456 844 506 nrs‘rorranou.
1039 440 1105 505 los

150 632 220 694 quo
252 611 385 690 audito,
414 634 476 677 rex
498 634 575 678 cum
598 614 821 678 testinatione
846 614 882 677 in
909 634 1012 678 mauu
1039 635 1101 698 po·
1116 629 1239 671 tlh-12⁰2-

149 714 237 776 tenti
259 712 315 776 die
338 720 511 795 noctuque
528 714 678 796 spatium
702 714 952 797 praetervolans
969 715 1102 778 itineris

147 811 316 893 longioris
344 812 448 875 citius
471 832 575 895 quam
598 813 691 877 credi
717 813 770 876 fas
793 821 846 877 cst
869 814 912 876 ad
938 813 1102 878 hlirebel·

148 910 220 974 lum
248 920 402 976 castrum
420 913 590 995 pervenit.
643 911 745 990 Quod
771 932 848 976 cum
874 913 1101 994 Francigenae

150 1028 227 1073 cum
257 1009 537 1075 Pictaviensibus
567 1012 825 1093 cognovissent,
854 1012 1015 1076 exierunt
1039 1014 1101 1076 ob·

149 1108 240 1172 viam
268 1111 342 1191 regi
364 1129 532 1192 pomposo
555 1129 745 1192 congressu
766 1130 843 1175 cum
866 1111 942 1193 ipso
964 1130 1100 1193 pugna·

151 1209 240 1287 turi3
263 1208 337 1286 sed,
351 1228 429 1273 curn
452 1210 630 1291 dispositis
653 1209 793 1274 aciebus
814 1210 894 1274 hinc
917 1210 996 1274 inde
1018 1230 1100 1275 con·

148 1307 349 1383 currissent,
373 1328 436 1372 rex
461 1310 620 1391 superbis
644 1329 761 1373 eorum
785 1310 967 1374 conatibus
992 1310 1100 1373 virili·

149 1415 203 1468 ter
224 1406 388 1471 resistens
412 1428 531 1472 omnes
552 1409 588 1472 in
615 1408 734 1490 fugam
753 1409 879 1490 coegit,
902 1417 1008 1491 atque
1028 1416 1099 1473 tarn

148 1506 280 1587 pernici
314 1526 417 1570 cursu
448 1527 615 1589 equorum
646 1507 858 1588 fugientibus
890 1508 1016 1571 institit
1046 1507 1098 1571 in·

146 1603 270 1681 imicis,
287 1614 327 1670 ut
344 1625 415 1670 uua
429 1626 508 1670 curn
525 1606 595 1670 illis
612 1607 793 1671 castellum
808 1608 963 1670 intraret.
1011 1606 1099 1671 Fac·

149 1711 207 1766 tus
228 1712 282 1768 est
302 1712 419 1770 autem
435 1706 528 1770 intra
545 1707 682 1788 praelati
703 1707 871 1770 ambitum
890 1704 995 1769 castri
1016 1726 1099 1770 con·

150 1801 265 1866 flictus
286 1803 502 1882 durissimus,
530 1806 589 1868 sed
615 1805 742 1870 virtute
760 1802 953 1886 Anglorum
979 1805 1097 1870 lauda·

149 1901 210 1963 bili
232 1903 269 1964 in
284 1903 381 1968 brevi
399 1905 536 1984 linitus3
567 1924 645 1968 nam
667 1899 718 1968 ¹in
736 1905 796 1969 illo
819 1905 981 1969 conflictu
1004 1906 1098 1986 eapti

150 2009 231 2064 sunt
253 2001 393 2067 ducenti
416 2004 543 2067 milites
563 2005 660 2084 regni
676 2005 846 2080 Francius,
869 2012 998 2068 etcum
1021 2005 1098 2086 ipso

147 2097 302 2165 Arthuro
324 2122 443 2166 omncs
466 2103 598 2167 nobiles
621 2102 861 2168 Pictavienses
884 2111 920 2168 ct
936 2102 1099 2186 Andaga-

146 2218 283 2277 venses,
297 2201 348 2265 ita
364 2199 457 2284 quod
474 2222 538 2266 nec
554 2221 644 2266 unus
660 2222 722 2285 pes
740 2223 784 2266 ex
802 2203 960 2267 omnibus
973 2203 1097 2281 evasit,

146 2298 205 2379 qui
226 2300 337 2381 possit
353 2301 463 2364 redire
484 2309 519 2365 et
536 2319 655 2365 casum
671 2302 748 2365 aliis
765 2296 946 2366 'iudicare
992 2301 1097 2384 Liga-

148 2397 194 2461 tis
213 2399 321 2480 igitur
336 2400 485 2482 captivis
508 2400 543 2463 in
566 2401 788 2483 compedibus
813 2408 848 2464 et
865 2402 1008 2464 manicis
1031 2401 1098 2463 ler-

146 2497 227 2574 reis,
239 2497 477 2581 vehiculisque
491 2499 649 2581 bigarum
662 2500 847 2582 impositis,
864 2518 955 2563 novo
970 2519 1097 2581 genere

146 2597 325 2677 equitandi
354 2605 389 2661 et
411 2599 590 2675 inusitato,
613 2619 675 2662 rex
698 2600 823 2681 partim
847 2599 1038 2662 transmisit
1060 2598 1096 2661 in

146 2693 411 2774 Normanniam,
432 2699 557 2780 partim
583 2699 619 2760 in
636 2697 814 2778 Angliam,
831 2704 870 2760 ut
884 2697 1008 2759 castris
1026 2697 1096 2759 for·

146 2793 290 2858 tioribus
324 2795 454 2860 detrusi
486 2798 617 2879 absque
647 2805 741 2860 metu
772 2794 944 2859 evasionis
979 2814 1098 2859 serva·

144 2902 284 2972 rentur3
308 2893 484 2959 Artburus
511 2916 593 2960 vero
618 2895 708 2979 apud
734 2896 907 2959 Falesiam
930 2896 995 2958 sub
1017 2913 1096 2959 cus·

146 2991 243 3056 todia
256 2994 414 3076 vigilanti
431 2995 606 3058 remansit.

187 3165 230 3229 Ut
245 3188 299 3231 rec
313 3169 513 3233 Francorum
529 3167 568 3232 od
583 3166 734 3232 obsidione
748 3167 867 3232 castelli
881 3168 919 3232 de
934 3166 1052 3232 Archia

456 3268 600 3352 confusos
616 3269 779 3331 recesserit.

194 3388 282 3452 Cum
311 3389 384 3454 haec
411 3391 503 3473 apud
528 3399 680 3457 castrum
704 3391 922 3455 Mirabellum
949 3401 1200 3501 agmen-2212„

142 3494 210 3564 tur,
227 3508 289 3552 rex
301 3488 512 3555 Francorum
526 3510 604 3555 cum
622 3490 774 3554 exercitu
790 3491 930 3572 copioso
944 3483 1005 3552 ³ad
1023 3500 1095 3553 tur·
1107 3502 1197 3551 nque.

141 3606 213 3649 rem
238 3587 282 3650 de
309 3585 435 3652 Archis
464 3610 502 3654 se
535 3590 693 3668 contulit,
716 3590 881 3671 illamque
914 3588 1094 3652 obsidione

140 3685 299 3750 vallavit.
351 3688 541 3771 Dispositis
565 3690 673 3771 igitur
693 3690 728 3752 in
747 3708 870 3772 gyrum
886 3706 948 3750 rex
966 3688 1095 3751 machi·

178 3875 226 3927 ¹12·
245 3877 288 3926 illo
306 3873 452 3947 conflicta]
479 3879 733 3953 Comparelvictory,
744 3877 829 3927 which
846 3878 869 3926 is
885 3878 959 3937 given
976 3877 1010 3937 by
1027 3876 1094 3940 Cog-

140 3947 369 4010 Rigord,deGast.
378 3948 475 4011 Philip.
484 3952 605 4012 August,
615 3958 618 3977 ¹
629 3949 742 4010 geshale,
758 3949 820 3997 Rec.
832 3947 878 3996 des
896 3947 967 3995 Hist.
977 3947 1049 3996 xviii.
1065 3961 1093 4008 p.

140 4019 204 4067 liec.
215 4018 262 4066 des
274 4017 344 4068 Hist.
355 4019 417 4067 xvii.
426 4034 453 4080 p.
463 4024 504 4069 ⁵5.
628 4023 670 4068 oo.

668 4084 724 4134 ’Ad
740 4090 831 4133 turrem
847 4084 1000 4147 doricetis]
1017 4084 1093 4133 Corn·

174 4150 326 4224 undena]
345 4155 413 4205 John
424 4162 503 4205 wrote
520 4162 546 4206 to
562 4157 604 4205 the
617 4202 619 4221 ,
630 4170 690 4218 pare
711 4155 816 4216 Rigord,
838 4170 863 4216 p.
882 4160 923 4214 5⁵,
943 4155 1005 4204 with
1023 4153 1093 4215 Cog-

138 4224 248 4288 English
259 4226 350 4275 harons
362 4240 395 4275 au
405 4234 511 4276 account
523 4227 551 4276 ol
565 4226 605 4276 his
617 4226 621 4299 ξ
632 4224 744 4288 gestele,
755 4239 781 4284 p.
793 4228 834 4274 bo.
