2970 5016
451 466 590 514 nunnus
614 466 886 515 nrsronmnun.
1079 455 1146 518 265

192 630 254 687 ant
283 641 367 703 erga
405 622 494 686 filios
527 630 562 688 et
592 624 681 687 filias
714 623 769 687 vel
804 643 930 688 uxores
967 624 1142 688 hominum
1157 646 1281 687 anno.

191 741 345 786 suorum.
399 721 639 804 Monetagium
661 742 854 801 commune,
874 724 965 805 quod
986 698 1277 806 capieba-idlli‘rl‘

193 827 250 884 tur
279 840 341 902 per
369 820 531 885 civitates
557 822 612 885 vel
640 821 838 899 comitatus,
862 823 954 904 quod
985 843 1052 887 non
1079 824 1145 887 fuit

193 926 348 1003 tempore
371 919 556 984 Eadwardi
576 920 681 1002 regis,
699 919 764 984 boc
787 942 830 985 ne
848 922 972 985 amodo
995 923 1057 986 fiat
1073 943 1145 986 om-

193 1019 275 1083 nino
300 1018 467 1099 defendo;
492 1019 523 1082 si
547 1020 626 1102 quis
647 1026 772 1101 captus
793 1020 909 1096 fuerit,
931 1021 1005 1085 sive
1027 1041 1144 1085 mone-

194 1119 303 1181 tarius
318 1119 393 1183 sive
411 1118 512 1195 alins,
529 1137 606 1181 cum
622 1118 712 1181 falsa
728 1128 879 1196 moneta,
894 1118 1035 1203 justitia
1049 1130 1145 1185 recta

194 1215 273 1280 inde
293 1217 367 1281 fiat.
419 1217 546 1280 Omnia
566 1217 696 1299 placita
719 1225 754 1281 et
776 1219 892 1282 omnia
913 1218 1041 1296 debita,
1066 1239 1144 1301 quae

194 1316 269 1396 regi
296 1316 396 1380 fratri
426 1336 503 1379 meo
533 1316 758 1393 debebantur,
789 1318 959 1395 condono,
988 1319 1145 1399 exceptis

195 1414 303 1477 firmis
328 1416 427 1493 meis,
451 1422 487 1479 et
512 1415 668 1497 exceptis
695 1415 777 1492 illis,
809 1436 887 1498 quae
915 1424 1019 1498 pacta
1045 1425 1145 1482 erant

195 1533 259 1596 pro
289 1514 433 1578 aliorum
465 1514 737 1591 haereditatibus,
765 1515 821 1578 vel
844 1534 907 1596 pro
933 1516 1001 1579 illis
1030 1517 1144 1591 rebus,

195 1631 274 1695 quae
294 1613 425 1696 justius
448 1612 526 1676 aliis
548 1613 807 1694 contingebant.
861 1614 907 1677 Et
929 1615 960 1677 si
978 1616 1057 1696 quis
1079 1615 1143 1678 ali·
1214 1643 1216 1646 >

194 1711 277 1793 quid
306 1732 369 1794 pro
396 1711 600 1776 baereditate
629 1730 694 1775 sua
727 1713 920 1795 pepigerat,
949 1713 1034 1776 illud
1062 1733 1143 1777 con-

195 1810 299 1887 dono,
334 1819 369 1874 et
400 1830 519 1875 omnes
559 1811 801 1888 relevationes,
835 1831 913 1893 quae
942 1833 1005 1894 pro
1041 1814 1144 1876 rectis

196 1909 455 1974 haereditatibus
485 1920 598 1992 paetae
628 1900 737 1974 erant.
805 1911 906 1974 Etsi
933 1912 1012 1993 quis
1043 1912 1144 1975 baro-

197 2028 278 2071 num
307 2009 363 2072 vel
391 2009 567 2073 bominum
604 2029 757 2073 meorum
783 2009 1024 2087 infirmabitur,
1054 2012 1145 2075 sicut

195 2107 270 2190 ipse
296 2108 392 2172 dabit
412 2108 469 2172 vel
493 2107 577 2172 dare
597 2107 807 2191 disposuerit
826 2110 1007 2191 pecuniam
1033 2129 1143 2188 suam,

196 2207 247 2270 ita
270 2206 387 2271 datam
413 2227 489 2271 esse
516 2208 690 2287 concedo;
720 2208 813 2289 quod
836 2209 866 2271 si
888 2210 963 2291 ipse
986 2229 1142 2291 praeven-

196 2311 253 2369 tus
277 2306 333 2370 vel
361 2306 479 2384 armis,
508 2307 564 2370 vel
594 2307 803 2383 infirmitate,
833 2309 1013 2389 pecuniam
1045 2328 1143 2372 suam

197 2424 259 2468 nec
282 2404 413 2469 dederit
438 2425 500 2468 nec
522 2406 605 2469 dare
628 2406 849 2487 disposuerit,
872 2426 961 2471 uxor
982 2425 1047 2470 sua
1070 2409 1144 2472 sive

197 2503 296 2568 liberi
335 2511 395 2568 aut
431 2511 592 2586 parentes
627 2512 662 2568 et
695 2503 840 2585 legitimi
878 2504 1033 2569 homines
1070 2506 1145 2588 ejus

196 2622 260 2685 pro
286 2603 401 2667 anima
429 2605 504 2687 ejus
530 2622 607 2667 eam
638 2603 806 2679 dividant,
830 2603 920 2668 sicut
944 2605 993 2667 eis
1022 2603 1145 2667 melius

196 2701 307 2765 visum
338 2702 453 2766 fuerit.
506 2702 542 2766 Si
576 2702 654 2784 quis
685 2703 852 2766 baronum
882 2702 938 2766 vel
970 2702 1144 2766 bominum

198 2820 350 2864 meorum
382 2801 599 2878 forisfecerit,
628 2820 697 2865 non
727 2801 824 2864 dabit
847 2801 986 2864 vadium
1013 2801 1048 2863 in
1082 2801 1145 2864 mi·

196 2899 383 2964 sericordia
407 2902 562 2983 pecuniae
588 2919 673 2976 suae,
704 2901 794 2963 sicut
819 2899 969 2964 faciebat
992 2909 1146 2982 tempore

198 3001 307 3082 patris
329 3007 364 3063 et
381 2998 499 3063 fratris
523 3000 602 3075 mei,
625 2999 685 3062 sed
708 2998 894 3063 secundum
918 2999 1145 3063 forisfacturae

196 3099 347 3175 modum,
382 3118 444 3161 nec
483 3099 534 3162 ita
572 3098 767 3162 emendabit
802 3099 893 3162 sicut
930 3099 1146 3163 emendasset

197 3205 288 3261 retro
314 3207 467 3279 tempore
496 3198 605 3280 patris
635 3199 701 3261 mei
732 3198 788 3262 vel
819 3198 964 3261 aliorum
992 3206 1146 3261 anteces-

197 3316 313 3360 sorum
342 3316 521 3373 meorum3
552 3296 644 3377 quod
676 3296 706 3359 si
740 3296 892 3378 perfidiae
921 3296 976 3361 vel
1007 3298 1145 3360 sceleris

197 3397 377 3460 convictus
409 3396 523 3472 fuerit,
555 3394 645 3459 sicut
668 3396 733 3459 erit
756 3396 871 3477 culpa,
896 3397 946 3459 sic
976 3396 1145 3460 emendet.

197 3493 344 3558 Murdra
365 3496 470 3558 etiam
501 3504 592 3558 retro
614 3495 659 3557 ab
686 3494 746 3558 illo
769 3494 836 3572 die,
863 3514 933 3576 quo
963 3494 998 3555 in
1030 3513 1145 3574 regem

196 3600 382 3657 coronatus
399 3593 462 3668 fui,
480 3593 596 3656 omnia
616 3593 785 3669 condono,
809 3601 844 3656 et
860 3611 902 3655 ea
921 3611 999 3674 quae
1022 3592 1147 3657 amodo

196 3692 290 3756 facta
307 3693 434 3755 fuerint
447 3693 543 3775 juste
566 3693 802 3768 emendentur,
822 3692 1008 3754 secundum
1031 3691 1145 3772 lagam

196 3793 288 3873 regis
306 3792 500 3856 Eadwardi.
555 3792 719 3855 Forestas
739 3790 911 3854 communi
927 3790 1070 3854 consilio
1088 3791 1148 3854 ba-

197 3911 318 3954 ronum
347 3911 501 3955 meorum
524 3891 559 3953 in
588 3911 693 3954 manu
716 3910 792 3954 mea
816 3891 866 3954 ita
889 3889 1026 3965 retinui,
1058 3890 1147 3953 sicut

196 3999 296 4072 pater
318 4011 414 4054 meus
438 4011 497 4055 eas
521 3991 653 4054 babuit.
720 3990 904 4066 Militibus,
927 3989 986 4069 qui
1012 4008 1073 4070 per
1095 3988 1147 4051 lo-

196 4090 285 4153 ricas
307 4098 416 4154 terras
441 4110 523 4154 suas
546 4089 746 4165 defendunt,
767 4097 878 4151 terras
901 4087 1147 4150 dominicarum

194 4208 395 4253 carucarum
421 4209 559 4254 suarum
580 4190 715 4272 quietas
739 4190 782 4251 ab
805 4188 964 4251 omnibus
987 4187 1097 4268 geldis
1114 4195 1148 4251 et
