2970 5016
403 439 447 502 74
654 455 788 502 nocam
813 455 860 501 nn
882 454 1091 502 wannovnn

242 626 296 668 nn.
308 628 364 669 ura
402 611 497 674 illius
517 610 694 688 circulum,
716 611 807 676 unde
829 618 950 676 secuta
968 619 1022 676 est
1039 610 1237 675 infertilitas
1258 611 1350 677 fruc·

404 717 501 774 tuum
517 716 622 791 atque
637 709 788 790 frugum.

474 879 644 945 Komaralis
658 879 739 964 repis
754 878 912 944 Richarda‘
928 878 965 943 de
979 887 1074 943 morte
1089 877 1274 945 Marelbia'.

241 1009 392 1100 &iffi
454 1002 535 1067 Rex
555 1009 671 1067 autem
683 1001 878 1084 Anglorum
897 1001 1105 1077 Richardns,
1122 1021 1201 1065 cum
1219 1001 1350 1085 injuste

241 1109 392 1198 ffirm-
404 1099 538 1177 fuisset,
555 1107 595 1163 ut
616 1100 746 1164 dictum
769 1107 833 1176 est,
854 1101 897 1163 de
917 1107 1027 1163 morte
1044 1099 1226 1164 Marchisii
1246 1119 1349 1162 accu-

404 1205 514 1274 satus,
540 1197 679 1261 nuntios
705 1198 800 1261 misit
825 1198 869 1260 ad
894 1197 1094 1277 magistrum
1112 1196 1349 1261 Assisinorum

403 1294 576 1372 solennes,
598 1304 718 1378 petens
744 1296 789 1358 ab
805 1315 847 1359 eo
862 1302 901 1358 ut
917 1296 1083 1359 scriberet
1098 1295 1178 1358 duci
1195 1294 1348 1359 Austriae

404 1392 479 1456 sive
505 1394 705 1475 imperatori
728 1400 763 1457 et
782 1411 881 1456 suam
901 1393 1134 1457 innocentiam
1152 1399 1349 1469 excusaret,

402 1510 515 1573 aquo
537 1490 600 1554 has
622 1485 820 1572 ¹sequeutes
844 1491 963 1554 literas
983 1491 1203 1573 impetravit;
1231 1490 1347 1553 ‘Lim-

403 1588 519 1669 poldo,
540 1589 620 1653 duci
646 1587 811 1665 Austriae,
828 1588 942 1653 Vetus
966 1589 1009 1652 de
1034 1596 1164 1664 monte,
1186 1589 1347 1652 salutem.

403 1685 491 1749 (lum
515 1686 653 1769 plurimi
674 1705 774 1767 reges
798 1693 834 1749 et
853 1687 1025 1768 principes
1049 1686 1143 1749 ultra
1161 1704 1255 1749 mare
1283 1685 1348 1749 Ri-

403 1783 580 1862 chardnm,
589 1803 704 1865 regem
719 1782 912 1864 Anglorum
929 1791 966 1848 et
983 1784 1169 1861 dominum,
1179 1782 1222 1847 de
1236 1791 1348 1846 morte

405 1881 583 1946 Marcbisii
600 1881 790 1963 inculpent,
800 1881 883 1964 juro
900 1900 961 1962 per
978 1881 1104 1958 Deum,
1119 1883 1179 1964 qui
1195 1881 1231 1944 in
1246 1888 1347 1944 mter·

402 1999 485 2043 num
506 1985 641 2060 regnat,
662 1986 698 2041 et
719 1998 783 2059 per
801 1979 913 2060 legem
938 1998 1041 2061 quam
1062 1986 1231 2054 tenemus,
1254 1978 1347 2061 quod

401 2077 439 2139 in
453 2076 528 2158 ejus
544 2083 653 2140 morte
670 2077 799 2139 nnllam
817 2076 954 2157 culpam
968 2076 1101 2140 habuit.
1153 2076 1218 2140 Est
1231 2084 1347 2139 autem

402 2192 509 2237 causa
529 2173 650 2238 mortis
675 2174 855 2238 Marchisii
879 2174 982 2252 talis;
1006 2174 1108 2238 Unus
1121 2193 1166 2236 ex
1181 2174 1347 2237 fratribus

403 2270 529 2335 nostris
562 2272 599 2335 in
628 2290 732 2335 unam
761 2273 876 2337 navim
904 2272 947 2335 de
972 2272 1137 2335 Salteleia
1162 2271 1207 2334 ad
1230 2279 1347 2353 partes

402 2376 540 2433 nostras
554 2369 725 2447 veniebat,
742 2373 979 2450 et'tempestas
993 2369 1083 2433 sorte
1099 2369 1237 2450 impulit
1248 2369 1346 2431 illum

402 2467 494 2548 apud
519 2467 663 2550 Tyrum,
686 2475 722 2532 et
749 2466 959 2531 Marchiaius
985 2467 1067 2531 fecit
1093 2467 1191 2530 illum
1223 2486 1346 2548 capere

402 2571 439 2628 et
468 2566 636 2642 occidere,
662 2572 697 2629 et
724 2584 884 2646 magnam
909 2565 1088 2646 pecuniam
1114 2565 1190 2647 ejus
1218 2566 1346 2646 rapuit.

403 2661 481 2727 Nos
509 2682 593 2728 vero
622 2662 813 2727 Marchisio
845 2661 985 2726 nuntios
1012 2670 1150 2726 nostros
1179 2663 1347 2739 misimus,

402 2760 605 2825 mandantes
625 2769 666 2826 ut
682 2763 863 2843 pecuniam
878 2760 996 2823 fratris
1012 2761 1122 2823 nostri
1137 2754 1254 2824 'nobis
1271 2759 1347 2822 red·

402 2857 499 2922 deret
529 2867 565 2923 et
593 2859 636 2923 (le
666 2866 775 2922 morte
805 2858 923 2922 fratris
951 2859 1061 2921 nostri
1094 2858 1272 2921 nobiscum
1308 2877 1347 2921 se

402 2957 638 3032 concordaret,
655 2963 691 3020 et
708 2956 831 3032 noluit,
853 2956 913 3019 sed
933 2955 1072 3019 nuntios
1092 2963 1229 3018 nostros
1250 2973 1346 3036 spre-

403 3053 465 3129 vit,
491 3060 528 3117 et
552 3052 696 3116 mortem
718 3053 834 3117 fratris
857 3055 966 3118 nostri
989 3072 1094 3134 super
1114 3053 1346 3134 Reginaldum

401 3149 576 3213 dominum
604 3150 752 3234 Sydonis
775 3152 913 3232 posuit;
948 3158 983 3215 et
1008 3169 1070 3213 nos
1101 3158 1234 3214 tantum
1263 3150 1345 3212 seci-

401 3265 477 3309 mns
499 3266 561 3328 per
582 3247 711 3311 amicos
732 3256 881 3325 nostros,
898 3255 938 3311 ut
960 3249 996 3311 in
1016 3249 1163 3312 veritate
1183 3248 1346 3311 scivimus

401 3344 493 3426 quod
514 3346 588 3426 ipse
611 3345 694 3409 iecit
719 3346 816 3409 illum
842 3346 996 3410 occidere
1023 3354 1059 3409 et
1081 3346 1261 3429 pecuniam
1290 3363 1345 3407 ra-

401 3461 493 3523 pere.
546 3442 593 3507 Et
615 3445 738 3507 iterum
767 3445 873 3508 alium
904 3444 1061 3507 nuntium
1091 3452 1257 3520 nostrum,
1285 3462 1347 3505 no-

401 3541 492 3603 rnine
518 3541 689 3618 Edrisum,
716 3542 854 3605 adeum
881 3542 1048 3618 misimus,
1074 3560 1175 3623 quem
1198 3542 1234 3603 in
1259 3541 1345 3603 mari

435 3735 691 3804 ¹Seqaeaterlitm]
704 3739 863 3801 Newburgh,
885 3740 927 3789 the
938 3739 1013 3789 death
1021 3740 1051 3789 of
1059 3739 1346 3801 Courad,seeBernard.

401 3822 424 3854 v.
437 3807 451 3869 ς
463 3811 503 3869 16,
515 3810 585 3870 gives
595 3808 637 3858 the
648 3809 778 3871 following
788 3809 862 3858 letter
884 3809 1008 3858 Thesaur.
1031 3810 1079 3859 col.
1099 3814 1165 3869 8133
1182 3808 1301 3869 Vinsaui,
1320 3822 1347 3869 p.

401 3891 430 3924 aa
442 3876 535 3938 having
545 3878 608 3926 been
624 3879 678 3926 first
689 3877 823 3938 publisbed
835 3878 861 3925 in
886 3882 948 3938 ³⁸⁶3
969 3877 1102 3938 Micbaud,
1112 3880 1140 3928 ii.
1152 3881 1210 3926 487.

402 3947 483 4006 1195,·
508 3945 540 3994 be
558 3961 617 4007 says
638 3947 693 3994 that
716 3946 747 3993 he
768 3946 819 3995 had
842 3947 862 3994 it
920 3944 1017 3995 ’Nobis
1043 3948 1153 3995 redderet
1174 3951 1198 3994 et
1219 3947 1249 3993 ἀι
1271 3949 1347 3993 morte

401 4012 463 4060 from
480 4028 496 4061 a
512 4014 675 4076 trustworthy
691 4029 791 4076 person,
804 4015 862 4063 who
878 4015 972 4074 fratris
990 4016 1100 4079 nostri]
1124 4015 1228 4064 omitted
1251 4016 1277 4061 in
1299 4014 1348 4072 C.;

400 4096 455 4129 was
473 4086 499 4130 at
516 4083 592 4132 Paris
607 4083 681 4132 when
700 4085 720 4131 it
735 4098 790 4132 was
809 4085 863 4132 first
885 4084 1004 4145 perhaps,
1022 4084 1085 4133 with
1102 4099 1169 4133 more
1186 4082 1350 4144 probability,

401 4155 446 4211 put
463 4152 515 4199 into
533 4152 575 4201 tbe
592 4152 675 4215 king’e
694 4153 784 4202 hands.
820 4154 861 4202 On
885 4168 918 4203 an
928 4153 1047 4203 omission
1057 4152 1086 4201 ot
1094 4153 1136 4201 the
1147 4152 1306 4202 transcribet.
