2970 5016
458 489 596 537 reeens
620 490 889 538 nieronmnnn.
1079 473 1145 536 359

237 712 382 787 Qualiter
399 710 523 776 barones
540 711 665 797 Acylla
682 712 880 777 Lodowicum
894 712 1045 797 elegerant
1065 712 1100 776 iu

613 833 718 896 repam.

244 937 346 1001 Circa
369 937 431 1000 hos
451 936 600 1018 denique
619 936 705 1012 dies,
725 957 802 1001 cnm
827 937 972 1000 barones
990 935 1142 1018 Angliae,
1154 956 1278 1046 iiii-'ii‘

193 1037 253 1120 qni
280 1037 355 1120 jam
388 1036 504 1099 omnia
536 1036 724 1100 amiserant
751 1055 829 1119 quae
862 1036 1067 1118 propensius
1107 1055 1234 1099 rorans

193 1137 258 1199 boc
289 1135 407 1199 seculo
436 1134 639 1215 diligebant,
665 1136 755 1200 sicut
783 1156 828 1199 ex
860 1135 1047 1217 praemissis
1070 1106 1243 1205 evi-{lili

194 1236 315 1300 denter
332 1243 489 1317 apparet,
505 1244 541 1297 et
554 1234 615 1317 qni
629 1254 724 1317 spem
743 1234 823 1300 boni
840 1234 990 1298 melioris
1006 1234 1143 1316 penitus
1155 1205 1281 1246 ‘mm‘

195 1355 263 1398 oon
294 1335 480 1410 habebant,
511 1341 550 1397 ut
576 1352 638 1416 per
666 1354 705 1397 se
734 1341 975 1416 recuperarent
1003 1334 1143 1410 amissa,

194 1434 279 1498 tacti
313 1441 396 1498 snut
430 1433 548 1498 dolore
584 1434 698 1499 cordis
733 1434 938 1498 intrinsecos
976 1440 1023 1509 et,
1061 1433 1143 1515 quid

195 1541 350 1614 agerent,
368 1526 608 1614 ¹ignorabant3
633 1532 771 1597 tandem
785 1527 974 1597 ²communi
992 1532 1143 1597 omnium

194 1632 441 1697 deliberatione
461 1632 635 1696 decretum
654 1639 719 1709 est,
738 1640 777 1696 ut
794 1632 943 1714 aliquem
966 1638 1143 1714 potentem

195 1731 231 1796 in
256 1751 372 1813 regem
403 1731 582 1813 eligerent,
609 1751 673 1814 per
700 1751 802 1813 quem
831 1732 964 1814 possint
989 1732 1033 1794 ad
1064 1750 1144 1813 poa·

196 1833 367 1895 sessiones
395 1839 431 1896 et
455 1831 634 1895 libertates
660 1832 825 1913 pristinas
855 1831 1021 1907 revocari,
1049 1850 1144 1894 cnm-

195 1951 263 2013 que
288 1931 489 2013 aliquandiu
516 1950 619 2013 quem
643 1930 810 2012 eligerent
833 1930 1064 2005 haesitassent,
1086 1929 1145 1994 de·

195 2050 289 2094 mum
318 2031 353 2094 in
379 2031 445 2094 hoc
474 2030 604 2113 pariter
630 2038 889 2107 consenserunt,
918 2037 959 2093 ut
986 2028 1145 2093 Lodowi-

197 2149 273 2195 cum
294 2129 400 2194 filium
420 2128 586 2212 Philippi,
603 2130 696 2211 regis
712 2130 936 2207 Francorum,
951 2129 1017 2193 sibi
1033 2128 1146 2210 praeli·

197 2236 315 2294 cerent
342 2236 377 2293 et
399 2229 511 2310 ipsum
537 2228 573 2292 in
603 2248 718 2310 regem
741 2228 880 2311 Angliae
906 2229 1144 2293 sublimarent.

199 2327 307 2392 Ratio
327 2336 442 2391 antem
461 2347 578 2393 eorum
599 2336 687 2404 erat,
703 2330 798 2410 qnod
815 2328 1045 2394 transmarina
1061 2327 1146 2390 mul·

199 2425 324 2504 titudo,
349 2426 474 2509 quibus
503 2446 565 2490 rex
591 2425 787 2508 Anglorum
811 2427 962 2492 vallatos
993 2427 1166 2502 incessit„

197 2527 227 2591 si
251 2546 313 2609 per
336 2526 559 2591 Lodowicum
583 2533 618 2590 et
640 2534 774 2609 patrem
796 2545 909 2602 suum,
933 2525 976 2588 de
1000 2544 1147 2607 quorum

199 2633 372 2708 potestate
392 2627 545 2689 maxima
567 2644 648 2707 pars
670 2645 789 2690 eornm
811 2626 889 2701 fuit,
913 2625 1070 2707 privatus
1091 2642 1147 2688 es·

199 2733 264 2801 set,
290 2725 371 2788 dum
394 2744 417 2788 a
438 2724 622 2788 cismarina
652 2724 767 2789 dictus
797 2744 860 2789 rex
887 2725 1083 2807 privaretur
1113 2730 1148 2786 et

200 2825 431 2889 transmarino
456 2823 623 2899 subsidio,
645 2823 720 2906 ipse
745 2825 846 2906 quasi
872 2824 967 2889 solus
994 2841 1148 2886 remane·

201 2931 252 2988 ret
281 2923 439 2988 imbellis.
493 2922 662 3005 Cumque,
684 2923 766 2988 licet
792 2923 965 2989 sententia
991 2923 1149 2985 omnibns

200 3023 398 3105 placuisset,
423 3023 592 3086 miserunt
615 3023 708 3105 [per]
732 3023 902 3088 solemnes
930 3023 1082 3097 nuntios,
1112 3021 1148 3084 S.

200 3122 359 3186 videlicet
396 3122 555 3186 comitem
584 3120 862 3187 wintoniensem
892 3131 927 3187 et
957 3123 1150 3187 Robertnm

200 3221 485 3299 hlium-walteri,
502 3221 545 3284 ad
570 3241 686 3303 regem
703 3221 903 3305 Philippum
923 3222 1020 3285 etad
1038 3221 1149 3284 Lodo-

200 3322 324 3385 wicum
344 3321 452 3384 filium
476 3321 565 3405 ejus,
587 3321 706 3385 literas
733 3324 883 3385 omnium
912 3323 1080 3384 baronum
1105 3319 1151 3381 si-

200 3421 294 3500 gillis
317 3420 483 3497 munitas,
504 3421 667 3485 obnixius
692 3421 918 3504 implorantes
942 3428 1088 3503 patrem,
1111 3427 1151 3483 ut

200 3519 308 3583 tilium
332 3520 484 3583 mitteret
503 3521 537 3583 in
561 3519 692 3602 Anglia
714 3529 948 3602 regnaturum,
979 3519 1150 3596 etlilium,

200 3627 240 3683 nt
263 3619 395 3684 veniret
421 3619 515 3684 illico
546 3620 776 3685 coronandus.
844 3620 920 3683 Nec
948 3637 1057 3694 mora,
1090 3617 1150 3680 sed

236 3784 432 3851 'ignorabant.]
456 3789 532 3837 Paris
549 3788 608 3837 here
624 3789 662 3836 io·
688 3785 793 3838 Alban's
810 3790 919 3838 because
930 3787 972 3836 the
987 3785 1154 3836 abhotretus·

199 3856 292 3918 dulges
303 3859 328 3905 in
340 3873 408 3907 some
417 3874 476 3918 very
486 3864 572 3919 strong
583 3859 663 3906 abnse
688 3859 720 3908 ed
736 3865 761 3907 to
777 3859 885 3920 proceed
901 3858 963 3906 with
980 3857 1022 3906 the
1041 3854 1153 3904 celebra·

199 3927 229 3976 ot'
236 3928 323 3988 John3
340 3928 403 3977 ‘Vae
415 3929 461 3977 tibi
472 3928 613 3987 lohannes,
623 3941 663 3975 re·
689 3929 740 3977 tion
757 3928 786 3977 oi
799 3929 883 3977 divine
899 3928 995 3977 service
1011 3926 1104 3988 during
1121 3940 1154 3974 an

200 4012 260 4058 gum
288 3997 376 4046 ultime
399 3998 549 4059 Anglornm,
572 3997 664 4058 princi·
689 3998 823 4060 interdiet;
843 3998 1107 4059 Records,ii.p.286.

199 4082 260 4128 pum
271 4063 448 4117 abominatiol’
457 4073 519 4125 etc.;
533 4067 575 4115 the
583 4066 664 4127 origin

200 4137 229 4185 ot
242 4137 336 4198 which,
353 4137 489 4199 according
505 4142 531 4184 to
551 4138 627 4198 Pym,
643 4136 665 4184 ie
726 4130 875 4182 'Communi
906 4131 1011 4182 omnium
1039 4130 1155 4180 delibero·

199 4212 226 4254 to
237 4208 268 4255 he
281 4206 359 4255 ionnd
373 4209 397 4255 in
410 4208 452 4256 the
469 4201 555 4268 king's
572 4207 665 4267 having
691 4203 755 4251 tione
771 4205 892 4252 decretam
908 4197 967 4270 ert]
985 4203 992 4230 ‘
1006 4202 1072 4252 Cum
1088 4201 1155 4250 omni

201 4276 287 4325 seired
299 4276 341 4325 the
359 4278 432 4326 lande
443 4277 494 4326 aod
505 4277 587 4336 abbey
598 4274 628 4324 oi
639 4276 665 4325 S.
691 4273 872 4322 deliberatione
884 4272 1031 4332 decretum,’
1043 4273 1074 4320 C.
