2970 5016
400 456 447 520 38
650 469 783 517 uocatu
807 470 854 517 on
879 465 1084 515 wurtoovna

240 642 364 683 aaron
402 624 538 687 duabus
560 622 689 702 reginis
712 622 749 684 in
768 622 922 685 thdamo
943 640 1009 683 suo
1029 620 1215 683 honorifice
1238 629 1359 684 custo·

402 723 525 786 ditum.
565 721 646 785 Rex
667 729 785 784 autem
806 719 1096 802 sapientissimus,
1122 720 1167 782 ob
1191 718 1247 781 sui
1272 739 1358 784 suo·

404 840 549 902 rumque
576 820 823 883 recreationem
848 838 890 883 ac
914 819 1116 882 victualium
1137 820 1360 899 aggregatio-

405 938 483 983 nem
502 920 701 994 recentium,
719 927 799 1000 post
815 918 995 981 taediosam
1012 919 1118 980 maris
1134 918 1357 980 vexationem

405 1019 454 1081 ibi
485 1019 560 1080 sine
586 1016 734 1099 alicujus
762 1016 943 1099 dispendio
969 1035 1117 1097 pausare
1143 1015 1358 1093 decreverat,

406 1115 466 1179 sed
486 1115 653 1197 praefatus
668 1114 801 1178 Cursac
817 1115 980 1179 videlicet
1000 1113 1192 1189 interdixit,
1209 1133 1253 1177 ne
1270 1114 1357 1178 lines

407 1234 490 1278 suos
516 1213 651 1296 ingredi
683 1222 899 1292 attentaret3
930 1213 1112 1277 interdixit
1138 1214 1291 1294 insuper,
1313 1232 1358 1276 ne

410 1315 490 1395 quis
511 1332 651 1379 suorum
674 1314 842 1377 exercitui
864 1314 957 1394 regis
975 1310 1170 1393 Anglorum
1191 1312 1358 1375 victualia

408 1412 574 1476 venderet
600 1421 662 1476 aut
683 1419 875 1494 exponeret
899 1431 955 1475 res
976 1411 1131 1487 venales,
1152 1409 1244 1473 unde
1265 1412 1359 1492 regis

408 1512 560 1575 animum
592 1511 637 1574 ad
664 1510 879 1575 iracundiam
906 1528 1098 1591 provocans
1124 1508 1292 1590 compulit
1315 1510 1358 1572 il·

406 1610 490 1687 lum,
513 1618 553 1675 ut
574 1610 756 1692 praelatam
781 1610 813 1674 ei
840 1609 1003 1692 injuriam
1030 1609 1210 1689 irrogaret.
1262 1607 1357 1671 Tan·

407 1709 486 1795 dom
504 1728 598 1785 vero,
619 1728 698 1771 cum
716 1709 824 1772 totius
842 1708 967 1770 insulae
986 1707 1186 1771 thesaurum
1206 1707 1358 1773 obtinuit

408 1816 444 1871 et
460 1808 587 1871 ibidem
603 1807 721 1870 omnia
736 1826 800 1888 pro
815 1816 898 1871 voto
915 1806 1156 1888 disposuisset,
1170 1806 1357 1888 desponsa-

409 1907 461 1969 vit
474 1907 522 1969 ibi
541 1905 648 1968 filiam
666 1905 758 1986 regis
768 1904 812 1968 de
826 1904 861 1968 N
863 1906 1013 1981 avar-ria,
1028 1905 1166 1968 nomino
1183 1904 1360 1986 Bercnga-

411 2005 509 2080 riam,
526 2023 631 2084 quam
647 2004 768 2083 regina
784 2002 930 2068 Alienor
944 2003 988 2066 ad
1004 2004 1150 2068 eundem
1165 2022 1282 2086 regem
1298 2003 1361 2066 ad-

409 2102 559 2165 duxerat
584 2102 619 2164 in
644 2101 765 2165 Sicilia
786 2110 1068 2167 commorantem.
1120 2102 1251 2166 Eodem
1271 2110 1359 2166 tem·

410 2220 495 2283 pore
518 2219 610 2282 papa
635 2200 842 2264 Caelestinus
869 2202 1085 2265 consecravit
1108 2201 1145 2264 in
1172 2203 1360 2284 imperato·

410 2319 483 2362 rem
507 2299 712 2375 Henricum,
732 2299 841 2363 filium
869 2300 1044 2364 Frederici
1067 2301 1298 2383 imperatoris,
1323 2301 1361 2363 in

413 2397 576 2463 Paschuli
596 2399 827 2475 solemnitate,
841 2399 928 2463 seria
942 2407 1079 2481 quarta.
1125 2399 1256 2464 Eodem
1273 2406 1361 2462 tem·

412 2515 497 2579 pora
532 2516 648 2561 comes
687 2497 911 2562 Flandrensis
946 2497 1131 2579 Philippus
1161 2517 1240 2561 cum
1276 2517 1360 2578 rege

413 2596 625 2660 Francorum
648 2597 683 2659 in
707 2605 835 2660 terram
858 2605 1015 2661 sanctam
1038 2597 1258 2678 proficiscens
1280 2599 1361 2661 abs·

411 2715 479 2777 que
493 2695 611 2759 liberis
627 2695 723 2759 obiit.

468 2867 510 2930 Ut
527 2866 717 2951 Gausridus,
731 2866 935 2931 Edorucenria
951 2868 1208 2954 archiepiscopat,
1225 2871 1316 2956 opud

633 2965 788 3028 Dacorum
805 2966 1018 3030 incarceratur
1023 2968 1139 3051 suerit.

464 3081 548 3152 Per¹
567 3086 658 3150 idem
679 3095 829 3170 tempus,
850 3108 895 3154 ex
917 3091 1080 3155 mandato
1100 3092 1225 3155 summi
1247 3093 1363 3173 ponti·

380 3232 387 3245 .
413 3185 499 3260 ficis,
522 3184 812 3263 Bartholomaeus,
830 3188 1050 3253 Turonorum
1069 3190 1362 3273 archiepiscopus,

414 3282 634 3360 Gaufridum,
669 3284 922 3350 Eboracensem
962 3288 1121 3365 electum,
1161 3291 1363 3371 episcopum

413 3382 641 3459 consecravit,
668 3385 729 3464 qui
756 3393 837 3466 post
866 3386 1160 3450 consecrationem
1187 3407 1287 3451 suam
1317 3388 1361 3452 ad

416 3480 577 3562 Angliam
591 3482 735 3546 tendens
749 3476 859 3564 ²apud
875 3483 1050 3547 Doveram
1067 3505 1147 3549 cum
1160 3487 1233 3549 suis
1250 3486 1363 3568 appli-

412 3581 496 3644 cuit.
528 3580 567 3644 M
570 3580 720 3644 atthaeus
735 3581 778 3645 de
794 3580 906 3658 Clare,
921 3576 1130 3647 ’vicecomes
1147 3583 1241 3647 illius
1257 3586 1363 3649 comi·

412 3687 521 3755 tatus,
530 3680 635 3760 paulo
649 3688 731 3743 ante
742 3680 863 3743 literas
874 3680 1053 3758 Willelmi,
1068 3682 1218 3746 Eliansis
1229 3684 1363 3766 episco-

412 3778 460 3858 pi,
477 3786 678 3859 susceperat
693 3778 729 3840 in
749 3777 823 3841 haec
841 3781 968 3858 verba3
990 3773 1019 3813 ⁴⁴
1036 3780 1264 3863 Praecipimus
1286 3783 1361 3858 tibi,

447 3924 520 3976 ¹Per
530 3927 593 3975 idem
609 3927 731 3991 tempta]
749 3929 872 3990 Compare
898 3945 931 3979 on
946 3930 989 3979 the
1006 3931 1064 3979 luth
1080 3932 1244 3994 September;
1261 3933 1363 3993 Diceto,

410 3996 453 4046 the
469 3997 513 4045 lile
531 3996 561 4045 of
577 3995 706 4058 Geoffrey,
722 3998 823 4048 written
838 3999 873 4061 by
897 4001 946 4049 col.
957 4004 1014 4049 663.

411 4065 535 4115 Giraldue
566 4066 737 4129 Curnbrensir,
770 4068 796 4117 in
831 4069 872 4118 the
932 4067 1109 4132 'Vicecomrr.]
1126 4067 1282 4131 ‘vicarius'
1296 4074 1327 4121 G.

412 4136 489 4196 Angl.
500 4137 570 4184 Sacr.
583 4135 610 4183 ii.
622 4150 648 4195 p.
660 4140 718 4185 stt.
933 4137 1136 4202 ‘PracipirruaJ
1149 4140 1249 4202 Diaeta,
1256 4156 1283 4202 p.
1294 4145 1345 4191 did
1352 4156 1360 4202 ;

445 4201 662 4266 ’speraturam
674 4240 681 4255 .
694 4241 701 4255 .
714 4204 871 4269 ,appiam
897 4207 997 4257 Giruld.
1009 4223 1035 4269 p.
1048 4211 1105 4257 ³⁹⁰.
