2970 5016
455 484 595 533 anonas
619 484 891 536 arsroaraauu.
1078 473 1144 536 299

127 721 132 729 ,
191 654 291 710 nates
311 644 505 709 confirmari
521 645 733 726 quaerebant,
753 644 934 728 partimin
953 643 1075 709 charta
1092 658 1211 708 ret-12
1223 659 1279 698 ¹²¹⁶-

193 747 248 827 gis
266 745 412 808 Henrici
434 744 540 827 paulo
556 745 714 826 superius
736 743 868 826 scripta
890 752 984 820 sunt,
1002 744 1143 827 partim-

193 864 260 927 que
274 864 318 908 ex
334 844 469 925 legibus
487 844 579 925 regis
595 842 781 907 Eadvvardi
798 842 950 927 antiquis
967 851 1143 926 excerpta,

192 947 283 1009 sicut
300 963 449 1026 sequens
465 941 610 1007 historia
628 962 692 1005 suo
708 951 862 1025 tempore
876 943 1077 1007 declarabit.

191 1113 240 1177 De
255 1112 408 1178 obsidione
423 1113 541 1179 malti
514 1114 591 1179 lde
605 1115 813 1185 Norlaatoaa
820 1117 916 1201 foeta
930 1138 952 1181 a
970 1115 1143 1181 baronibus.

238 1238 326 1302 Cum
349 1239 468 1320 itaque
491 1237 769 1321 archiepiscopus
792 1247 828 1305 et
848 1239 1044 1304 Willelmus
1064 1240 1143 1304 Ma·
1157 1250 1286 1350 fffflssfp,

193 1338 383 1402 reschallus
399 1357 515 1418 regem
533 1338 576 1401 ad
594 1357 798 1402 consensum
816 1339 978 1404 inducere
996 1339 1143 1403 nullate·
1157 1355 1201 1390 aa

194 1457 259 1500 nus
288 1437 495 1550 potuissent,
520 1437 602 1502 ad'
587 1438 780 1521 jussionem
804 1439 897 1518 regis
924 1440 968 1502 ad
995 1440 1144 1503 barones

193 1537 321 1600 reversi
344 1536 471 1613 omnia,
494 1555 572 1620 quae
598 1554 620 1598 a
645 1556 727 1618 rege
753 1537 946 1614 audierant,
969 1558 1030 1620 per
1052 1538 1143 1602 ordi·

194 1655 271 1698 nem
305 1635 525 1715 retulerunt3
570 1655 649 1717 quae
685 1655 762 1699 cum
798 1644 979 1717 magnates
1017 1657 1144 1718 cogno-

194 1736 337 1811 vissent,
366 1735 625 1799 constituerunt
648 1735 840 1799 Robertum
868 1736 1144 1800 filium-walteri

193 1835 381 1916 principem
398 1833 530 1897 militiae
548 1853 634 1910 suaa,
650 1835 867 1917 appellantes
884 1854 961 1898 eum
985 1834 1144 1899 ‘Mares-

194 1933 346 1996 challum
378 1934 553 1997 exercitus
585 1933 653 1997 Dei
682 1943 718 1998 et
746 1942 876 1998 sanctae
903 1933 1080 2010 ecclesia:
1110 1942 1145 1998 et

195 2033 245 2095 sic
274 2032 402 2113 singuli
434 2033 479 2095 ad
511 2052 608 2096 arma
641 2033 867 2097 convolantes
898 2053 1019 2098 versus
1052 2034 1144 2098 Nor·

196 2131 385 2196 hantunam
416 2132 508 2195 acies
538 2132 751 2197 direxerunt.
813 2131 893 2211 Quo
919 2152 997 2196 curn
1025 2153 1146 2215 perve-

196 2233 340 2306 nissent,
378 2230 471 2294 illico
510 2240 663 2295 castrum
702 2231 882 2296 obsidione
914 2233 1144 2308 vallaverunt,

195 2349 341 2412 cumque
360 2349 422 2411 per
439 2330 512 2393 dies
532 2330 726 2412 quindecim
747 2324 912 2395 ¹inaniter
928 2333 1054 2396 ibidem
1071 2352 1144 2396 mo-

195 2449 268 2493 ram
287 2430 554 2510 protraxissent,
569 2438 604 2494 et
619 2449 754 2512 parum,
771 2431 876 2494 immo
892 2431 988 2509 nihil,
1003 2431 1143 2495 omnino

194 2529 432 2610 profecissent,
466 2535 582 2593 castra
614 2529 693 2594 inde
726 2548 863 2593 movere
890 2529 1143 2608 decreverunt;

198 2647 319 2710 nempe
347 2629 478 2710 absque
506 2628 667 2710 petrariis
692 2635 728 2691 et
754 2627 831 2691 aliis
857 2628 989 2691 bellicis
1014 2629 1144 2691 instru-

196 2729 322 2790 mentis
347 2727 570 2791 advenientes
593 2747 660 2790 non
684 2728 759 2790 sine
785 2727 996 2803 confusione,
1017 2726 1145 2792 infecto

197 2827 348 2907 negotio,
369 2826 413 2889 ad
437 2834 589 2890 castrum
617 2826 660 2889 de
686 2826 874 2890 Bedefordt
895 2835 1144 2908 perrexerunt;

197 2934 424 2989 veruntamen
446 2925 482 2987 in
505 2925 683 2989 obsidione
700 2925 867 3008 praedicta
884 2925 1056 2989 vexillifer
1071 2925 1145 2989 Ro·

197 3024 285 3088 berti
314 3023 545 3088 filii-Walteri
573 3044 652 3088 cum
677 3025 884 3106 quibusdam
913 3025 1003 3102 aliis,
1032 3026 1145 3107 capite

195 3123 329 3204 spiculo
354 3122 490 3187 balistae
511 3125 696 3201 terebrato,
720 3144 787 3187 non
812 3125 887 3189 sine
912 3125 1030 3189 dolore
1057 3125 1145 3188 mul·

199 3230 308 3285 torum
331 3223 469 3286 interiit.

277 3393 319 3457 Ut
333 3393 444 3458 ciuitas
460 3393 681 3458 Londonieasis
697 3392 819 3458 reddita
836 3392 877 3457 sit
892 3391 1065 3457 aaronitas.

249 3516 406 3598 Cumque
428 3516 542 3580 dictus
570 3517 744 3580 exercitus
771 3516 815 3580 ad
840 3523 992 3579 castrum
1015 3515 1057 3579 de
1080 3517 1145 3581 Be-
1158 3532 1246 3573 muron

197 3615 334 3679 defordt
356 3615 582 3698 pervenisset,
606 3635 628 3678 a
644 3615 821 3680 Willelmo
842 3614 885 3677 de
909 3614 1022 3679 Bello·
1024 3585 1196 3698 campod'
1195 3584 1293 3672 ‘llll

197 3722 395 3778 reverenter
420 3715 573 3797 suscepti
601 3722 694 3778 sunt
747 3714 928 3778 Venerunt
952 3715 1071 3795 itaque
1101 3716 1145 3779 ad

198 3832 258 3876 eos
284 3814 410 3877 ibidem
438 3815 550 3877 nuntii
577 3815 621 3877 ab
647 3815 730 3876 urbe
756 3812 1011 3876 Londoniarum
1034 3832 1146 3878 secre-

198 3912 268 3975 tins
287 3914 337 3976 eis
355 3913 562 3989 indicantes,
584 3913 690 3994 quod,
712 3914 742 3976 si
759 3912 889 3976 vellent
902 3913 997 3975 urbis
1015 3913 1147 3993 ingres·

236 4087 369 4139 'lunariter
386 4090 475 4139 ibidem
496 4105 587 4139 morum
607 4105 663 4152 pro-
690 4091 812 4152 relgners,
826 4088 911 4138 which
923 4089 977 4137 will
990 4094 1097 4137 account
1113 4090 1152 4139 ior

200 4155 361 4228 traxissent]
379 4160 564 4222 Northampton
576 4159 664 4208 atthis
690 4158 755 4207 their
788 4158 891 4222 holding
917 4163 962 4208 out
983 4158 1084 4221 against
1109 4158 1151 4208 the

200 4230 260 4279 time
287 4244 341 4279 was
370 4229 516 4292 garrisoned
541 4229 604 4278 with
628 4227 664 4277 io·
688 4229 787 4278 barum.
