2970 5016
340 476 406 541 282
559 464 563 472 '
592 492 727 540 aoounr
752 492 799 539 ns
822 490 1032 540 wusoovas

180 664 235 706 ab
246 666 304 706 ¹²¹⁴·
341 651 424 716 dicti
445 651 584 734 scripsit
600 651 636 714 in
651 648 725 713 haec
740 649 848 713 verba
863 669 872 727 ;
891 648 1139 713 ‘Innocentius
1163 649 1293 732 episco-

339 771 417 834 pus,
440 759 476 816 et
493 758 630 815 caetera.
673 748 893 814 Venerabilis
907 748 1016 811 frater
1031 756 1151 812 noster
1159 747 1183 813 J
1186 748 1293 813 ohau-

339 870 413 927 nes,
429 849 665 914 Norvvicensis
680 849 876 930 episcopus,
893 854 928 911 et
944 847 1091 911 dilectus
1109 847 1203 911 filius
1217 868 1292 912 nos

338 958 392 1015 ter
416 949 591 1013 Rohertns
614 949 657 1011 de
679 947 846 1023 Marisco,
869 945 1134 1011 archidiaconus
1158 946 1292 1011 North·

338 1048 563 1124 anhumbriae,
588 1054 623 1111 et
647 1046 781 1111 nobiles
802 1046 866 1110 viri
887 1045 1041 1110 Thomas
1066 1045 1111 1110 de
1139 1045 1292 1110 Herdin·

339 1155 426 1212 tuna
440 1155 477 1211 et
491 1147 619 1223 Adam,
635 1147 748 1211 nuntii
771 1145 881 1210 nostri
903 1145 1071 1210 carissimi
1097 1145 1133 1208 in
1152 1145 1291 1210 Christo

339 1247 400 1310 filii
409 1247 518 1311 nostri
532 1246 556 1310 J
558 1246 706 1310 ohannis
719 1244 811 1325 regis
827 1243 967 1326 Angliae
982 1244 1140 1321 illustris,
1161 1263 1207 1308 ex
1224 1265 1293 1309 una

338 1353 450 1428 parte,
466 1346 633 1428 magister
645 1344 841 1427 Stephanus
852 1344 896 1408 de
910 1342 1129 1425 Langetuna,
1140 1342 1188 1408 A.
1200 1353 1236 1409 et
1247 1344 1289 1408 G.

340 1446 468 1522 clerici,
483 1445 597 1509 nuntii
615 1443 824 1508 venerabilis
841 1442 960 1507 fratris
982 1443 1092 1507 nostri
1113 1442 1292 1526 Stephani,

340 1544 602 1608 Cantuariensis
627 1542 889 1625 archiepiscopi,
914 1561 959 1606 ex
985 1541 1097 1606 altera
1119 1550 1232 1625 parte,
1256 1544 1291 1606 iu

339 1643 526 1725 praesentia
539 1649 660 1707 nostra
674 1642 855 1706 constituti
874 1659 1054 1705 asseruere
1074 1641 1292 1706 concorditer

339 1749 375 1806 et
400 1749 613 1818 constanter,
639 1741 743 1824 qnod,
770 1759 832 1822 pro
862 1740 1006 1804 vitando
1028 1740 1153 1822 grandi
1178 1761 1290 1805 rernm

338 1840 519 1924 dispendio
538 1849 574 1905 et
597 1840 696 1922 gravi
722 1839 875 1922 periculo
899 1839 1104 1916 animarum,
1128 1841 1289 1921 expedie-

338 1940 399 2004 bat
418 1960 521 2024 quam
545 1940 728 2022 plurimum
752 1946 824 2003 tam
840 1957 949 2018 regno
965 1957 1069 2020 quam
1084 1938 1290 2016 sacerdotio,

338 2046 378 2101 nt
402 2041 477 2102 sine
502 2038 666 2102 dilatione
694 2037 870 2101 relaxetur
899 2038 1073 2101 sententia
1096 2037 1290 2117 interdicti3

338 2137 427 2200 unde
450 2156 513 2200 nos
535 2156 598 2218 pro
626 2136 749 2199 affectu
773 2143 920 2218 paterno
945 2136 1093 2201 sollicite
1116 2137 1209 2201 iuter
1232 2157 1290 2202 eos

338 2234 382 2298 ad
417 2234 565 2299 salntem
592 2244 628 2298 et
655 2236 840 2299 utilitatem
866 2255 972 2318 super
997 2235 1062 2312 his,
1087 2253 1167 2317 quae
1193 2238 1288 2320 pacis

337 2342 431 2411 sunt,
454 2353 531 2398 cum
558 2333 627 2397 illis
658 2335 883 2399 tractavimus
915 2334 1111 2415 diligenter,
1137 2343 1186 2412 et,
1212 2343 1289 2399 tan·

339 2432 416 2496 dem
433 2434 518 2516 ipsis
540 2431 853 2515 adquiescentibus,
872 2433 1018 2497 sormam
1040 2432 1235 2497 invenimus
1255 2442 1290 2499 et

338 2533 525 2597 statuimus
536 2531 628 2596 inira
641 2533 816 2615 scriptam.
845 2532 938 2596 Sane
951 2531 1118 2615 praefatus
1135 2553 1199 2597 rex
1214 2541 1290 2597 tan·

338 2637 410 2695 tam
435 2632 616 2716 pecuniam
638 2631 896 2714 archiepiscopo
917 2630 1173 2709 Cantuariensi,
1198 2632 1290 2696 Lon-

339 2730 496 2795 doniensi
520 2739 556 2795 et
576 2730 705 2795 Eliensi
729 2732 912 2813 episcopis,
936 2732 991 2796 vel
1016 2731 1106 2806 aliis,
1131 2752 1218 2814 quos
1244 2732 1288 2797 ad

338 2829 404 2894 hoc
429 2832 608 2911 assignare
634 2829 818 2907 voluerint,
845 2829 951 2895 saciat
980 2831 1165 2911 assignari,
1194 2851 1287 2895 com·

338 2930 470 3011 putatis
496 2928 550 2991 his
578 2948 656 3009 qnae
684 2929 774 2993 idem
803 2948 866 2992 rex
890 2930 1045 2993 noscitur
1068 2930 1288 3012 persolvisse,

338 3028 430 3109 quod
453 3046 587 3090 summa
607 3027 750 3110 impleat
769 3029 1001 3111 quadraginta
1022 3028 1132 3092 millia
1153 3049 1286 3094 marca·

337 3145 412 3188 rum
427 3146 435 3205 ;
460 3127 586 3207 quibus
599 3127 723 3191 solutis
737 3135 773 3191 et
789 3129 950 3191 cautione
969 3129 1128 3210 praestita
1143 3128 1287 3193 inferius

337 3224 517 3303 adnotata,
539 3227 708 3308 protinus,
727 3227 864 3291 sublato
879 3227 1064 3311 cujuslibet
1081 3228 1288 3311 appellatio·

337 3324 390 3387 nis
414 3332 449 3389 et
471 3326 752 3389 contradictionis
774 3327 964 3403 obstaculo,
987 3325 1124 3390 relaxes
1146 3336 1286 3392 senten-

336 3425 420 3488 tiam
443 3424 629 3489 interdicti.
674 3424 728 3490 Ac
746 3426 868 3489 deinde
894 3419 1058 3506 ¹singulis
1072 3419 1180 3491 'anuis
1200 3427 1284 3491 duo·

335 3522 445 3587 decim
458 3525 566 3588 millia
575 3543 767 3588 marcarum
778 3525 815 3588 iu
826 3525 959 3589 duobus
970 3525 1138 3602 terminis,
1149 3526 1186 3587 in
1196 3546 1285 3590 com·

336 3625 581 3688 memoratione
607 3623 767 3688 videlicet
797 3623 960 3687 Omnium
989 3633 1189 3689 sanctorum
1223 3645 1284 3689 sex

336 3722 445 3786 millia
466 3742 671 3800 marcarum,
695 3731 730 3786 et
752 3723 894 3787 totidem
918 3724 954 3786 iu
978 3722 1067 3787 festo
1093 3724 1284 3789 Dominioae

336 3823 559 3900 ascensionis,
582 3823 673 3905 apud
694 3822 874 3887 ecclesiam
896 3821 1008 3886 sancti
1031 3821 1136 3886 Pauli
1158 3823 1284 3887 Londi-

335 3922 453 3984 nensis
471 3923 597 3985 eisdem
614 3922 719 3985 faciat
735 3921 901 3997 exhiberi,
925 3921 1034 3985 donec
1052 3930 1128 3986 tota
1152 3942 1283 3986 summa

334 4018 436 4084 fuerit
462 4021 649 4101 persoluta.
701 4020 746 4084 Et
767 4021 810 4084 ad
834 4021 899 4084 hoc
921 4020 1069 4085 fideliter
1090 4041 1281 4104 exsequen-

370 4193 375 4222 ¹
384 4196 499 4257 Singulis
504 4197 575 4245 nnis
582 4195 705 4246 duodicim
716 4195 793 4244 taillia
819 4195 869 4244 this
878 4199 998 4258 payment
1005 4197 1029 4245 is
1037 4196 1137 4259 printed
1147 4198 1173 4246 in
1183 4197 1280 4259 aymo,

234 4276 238 4282 ·
332 4265 486 4328 stercorum]
506 4266 597 4315 John’s
613 4266 751 4328 obligation
768 4270 793 4313 to
819 4266 836 4314 i.
849 4281 874 4326 p.
886 4269 942 4314 las.
