2970 5016
401 452 541 503 rhenus
564 452 835 503 ursronrsauu.
1050 440 1092 503 41

141 631 290 694 namque
310 612 346 675 in
368 611 430 674 illa
451 611 543 694 ignis
566 610 726 689 Graecus,
749 621 1016 696 serpentumque
1041 613 1229 695 igunae.

142 714 291 776 nitorum
315 711 465 793 plurima
487 729 573 773 vasa
595 710 710 792 plena,
735 720 770 775 et
791 712 977 776 bellatores
1000 711 1094 776 mille

143 810 324 894 quingenti
341 816 376 874 et
394 810 614 873 robustorum
634 809 811 874 hominum
833 809 927 874 mille
942 819 978 873 et
994 811 1095 893 quin-

142 910 250 992 genti,
278 928 423 990 quorum
457 906 623 989 suffragio
651 909 751 971 navis
781 909 983 974 muniretur.
1036 909 1096 972 In-

143 1008 285 1072 structis
312 1007 420 1089 igitur
447 1006 484 1070 in
513 1014 686 1071 momento
716 1007 881 1090 temporis
909 1007 1001 1089 regis
1032 1006 1095 1071 Ri-

146 1107 265 1170 chardi
283 1104 328 1168 ad
342 1105 472 1169 bellum
492 1105 700 1186 agminibus,
718 1106 907 1188 galeiarum
925 1125 1095 1170 concursu

145 1205 297 1287 undique
314 1205 354 1268 fit
375 1203 525 1268 insultus
547 1205 746 1282 acerrimus,
763 1206 824 1268 sed
848 1205 948 1269 navis
970 1205 1094 1287 adver·x

144 1304 256 1374 satrix
274 1309 455 1366 ventorum
476 1300 644 1366 destituta
664 1303 790 1366 solatio
814 1304 999 1368 immobilis
1020 1323 1096 1384 per·

145 1402 318 1466 manebat.
370 1399 527 1464 Tandem
550 1390 691 1482 quidam
714 1402 895 1483 remigum,
920 1401 1096 1482 mergendi

145 1501 209 1563 sub
226 1500 327 1582 aquis
342 1508 416 1563 arte
431 1498 599 1576 eruditus,
613 1508 738 1564 natans
755 1501 819 1563 sub
832 1499 936 1564 latice
950 1501 1097 1564 accessit

147 1598 190 1662 ad
212 1618 336 1663 navem
354 1607 389 1662 et
410 1618 487 1662 eam
504 1599 712 1679 quantocius
732 1599 868 1662 terebro
887 1598 1095 1681 perforavit;

147 1717 217 1780 qua
233 1697 421 1780 perforata,
442 1706 562 1773 nauta,
585 1696 760 1761 Christum
780 1697 912 1761 habens
934 1703 1096 1775 tutorem,

147 1796 191 1860 ad
216 1797 365 1878 guleiarn
385 1796 428 1860 de
450 1815 520 1878 qua
540 1796 651 1860 exivit
670 1816 828 1861 reversus
851 1797 924 1878 regi
948 1815 1026 1878 quae
1049 1795 1097 1860 fe-

148 1901 243 1960 cerat
263 1895 474 1974 declaravit3
497 1895 620 1959 deinde
641 1894 776 1960 modico
799 1903 914 1961 tractu
932 1895 1097 1976 temporis

146 2013 240 2078 aqua
258 1994 459 2058 subintrans
485 1995 601 2057 omnia
624 1995 723 2058 navis
743 1996 901 2058 tabulata
921 2002 1098 2059 transcen-

148 2093 212 2171 dit,
224 2101 260 2158 et
274 2093 482 2168 hominibus,
496 2093 556 2175 qui
571 2093 667 2175 prius
682 2091 719 2156 in
732 2093 1003 2177 propugnaculis
1017 2111 1099 2156 con-

148 2192 312 2269 fidehaut,
344 2210 440 2273 spem
474 2191 642 2255 evadendi
673 2211 814 2272 prorsus
841 2192 981 2268 ademit,
1013 2211 1096 2273 quo

149 2310 226 2354 rum
248 2290 341 2354 mille
363 2296 536 2354 trecentos
552 2309 614 2353 rex
636 2288 832 2355 Richardus
853 2290 994 2355 inmari
1018 2291 1099 2352 sub-

150 2390 259 2471 mergi
283 2389 461 2471 praecepit,
486 2395 521 2452 et
547 2388 714 2452 ducentos
734 2390 833 2455 vivos
860 2390 903 2453 ad
928 2390 1098 2453 cautelam

149 2488 350 2552 reservavit.

157 2670 199 2733 Ut
212 2692 265 2737 rec
276 2667 458 2733 sehardus
467 2667 556 2752 apud
564 2667 672 2731 Arbon
686 2666 852 2752 applicuit,
868 2675 896 2732 ot
909 2667 948 2731 de
961 2667 1101 2751 captione

505 2765 637 2850 ejusdem
654 2765 751 2829 arbas.

204 2889 285 2954 Rex
300 2889 508 2967 Richardus,
523 2909 601 2953 cum
619 2890 731 2971 spolia
745 2888 844 2952 navis
864 2889 981 2952 omnia
998 2889 1102 2952 colle-
1113 2910 1230 2952 unaue
1243 2909 1268 2951 s

153 2990 273 3072 gisset,
299 3008 465 3073 prospero
488 3008 592 3052 cursu
620 2987 664 3052 ad
694 2996 832 3071 portum
859 2980 1008 3064 ¹Achon,
1032 2962 1176 3071 quom

154 3087 330 3165 tendebat,
352 3088 656 3170 appropinquavit.
708 3087 869 3169 Denique
897 3095 998 3151 sexto
1025 3087 1103 3151 idus

155 3186 266 3263 Junii,
299 3206 381 3268 rege
411 3194 549 3268 portum
581 3186 745 3262 intrante,
771 3186 933 3249 lituorum
963 3186 1103 3264 stridor,

154 3286 298 3365 clangor
323 3286 497 3360 tubarum,
523 3285 689 3366 strepitus
718 3285 929 3348 cornicinum
958 3284 1104 3349 horribi-

154 3384 197 3447 lis
223 3383 343 3448 littora
371 3383 603 3465 repleverunt,
626 3392 719 3447 terra
750 3402 812 3465 per
843 3381 1023 3446 circuitum
1051 3403 1105 3445 re·

154 3483 328 3561 sonabat3
359 3482 452 3565 quod
472 3481 602 3546 factum
627 3480 841 3545 Christianos
867 3480 1034 3543 animavit
1059 3480 1102 3543 ad

156 3599 308 3663 pugnam
331 3587 367 3644 et
385 3581 568 3644 Saracenis
591 3579 740 3644 obsessis
765 3586 930 3643 terrorem
947 3578 1104 3656 incussit,

156 3699 320 3760 magnum
343 3679 532 3761 principem
559 3678 739 3743 advenisse
764 3677 954 3741 declarans.
1005 3676 1106 3740 'l'unc

157 3797 221 3841 rex
240 3776 438 3841 Richardus
456 3778 563 3842 animi
584 3778 638 3840 sui
659 3778 926 3859 generositatem
947 3775 1105 3839 omnihus

157 3895 335 3958 exponens
351 3876 508 3939 famelico
525 3876 693 3940 exercitui
706 3876 871 3940 victualia
884 3874 1105 3938 ministravit.

195 4048 202 4079 ¹
216 4048 323 4114 Artos]
341 4050 453 4099 Richard
464 4049 566 4100 entered
578 4051 621 4099 the
647 4050 697 4099 had
709 4050 791 4098 lasted
803 4050 889 4110 nearly
901 4054 952 4098 two
964 4061 1037 4110 years
1044 4061 1054 4111 ;
1066 4061 1109 4096 aee

158 4124 214 4182 port
235 4119 265 4168 oi
279 4121 346 4168 Aere
371 4135 404 4168 on
422 4120 463 4168 the
482 4120 525 4169 eth
544 4119 622 4181 June,
648 4119 766 4180 Vinsuuf,
776 4134 802 4181 p.
815 4122 872 4168 8³1.

158 4189 272 4253 (Diceto,
279 4191 328 4239 col.
336 4186 406 4253 661,)
416 4189 491 4239 when
500 4189 542 4239 the
553 4189 623 4251 siege
