2970 5016
463 457 602 504 snouss
628 456 901 507 ursronrsauu.
1086 445 1153 509 343

200 611 236 672 in
253 611 318 674 hoc
335 630 424 674 onus
445 611 664 675 concedimus
685 619 721 675 et
737 611 919 690 donamus,
943 621 1070 695 praeter
1089 633 1218 679 naun.
1230 639 1286 677 uu.

200 709 343 790 vigiam,
366 710 457 791 quod
480 729 581 773 cruce
605 711 753 791 signatis
778 711 822 774 de
844 711 910 774 hac
937 714 1022 776 urbe
1044 684 1253 797 atqueiil'a'il’n

200 808 324 871 vicinis
343 809 499 890 partibus
523 809 757 887 conferemus,
788 810 1006 890 assignantes
1026 811 1150 877 nihilo-
1161 786 1253 825 ΜΕ

199 907 314 970 minus
337 907 379 970 ad
405 907 471 970 hoo
490 907 604 990 ipsum
620 907 797 989 negotium
812 909 879 971 tria
893 909 1002 973 millia
1014 929 1149 975 marcas

199 1006 347 1085 argenti,
371 1025 450 1087 quaa
472 1006 563 1087 apud
591 1024 654 1070 nos
679 1006 722 1069 de
754 1006 970 1088 quorundam
995 1008 1148 1073 fidelium

199 1104 427 1188 eleemosynis
442 1112 692 1168 remanserunt.
725 1105 914 1187 Cupientes
929 1114 1045 1170 autem
1059 1106 1147 1171 alios

198 1202 419 1266 ecclesiarum
443 1202 608 1285 praelatos
628 1222 761 1267 necnon
782 1211 817 1268 et
841 1204 985 1268 clericos
1010 1206 1148 1269 univer-

199 1320 256 1364 sos
279 1309 315 1365 et
335 1302 370 1365 iu
394 1303 517 1366 merito
539 1302 625 1366 etin
648 1303 791 1384 praemio
812 1302 939 1366 habere
961 1302 1146 1386 participes

198 1406 233 1463 et
254 1408 443 1477 consortes,
475 1402 672 1476 statuimus,
699 1407 739 1464 ut
760 1420 892 1478 omnes,
916 1409 989 1465 tam
1015 1402 1145 1466 subditi

197 1517 300 1579 quam
326 1499 475 1580 praelati,
500 1500 704 1580 vigesimam
730 1499 1040 1563 ecclesiasticorum
1065 1520 1144 1582 pro·

198 1605 362 1661 ventuum
385 1598 553 1679 usquead
576 1598 760 1661 triennium
785 1597 963 1663 conferant
977 1599 1013 1661 iu
1031 1600 1144 1662 subsi-

197 1695 289 1758 dium
316 1704 418 1760 terrae
435 1704 578 1771 sanctae,
598 1696 667 1759 illis
688 1697 856 1777 exceptis,
878 1697 939 1779 qui
962 1705 1143 1779 assumpto

198 1794 253 1856 vel
268 1795 474 1858 assumendo
492 1795 604 1859 crucis
621 1795 800 1875 signaculo
816 1802 899 1859 sunt
915 1796 1145 1877 personaliter

197 1893 406 1973 proiecturi3
435 1913 499 1956 nos
526 1901 641 1957 autem
655 1901 700 1957 ,et
722 1892 846 1956 fratres
876 1895 984 1957 nostri
1010 1902 1143 1958 sauctae

196 1990 363 2056 Romanae
391 1992 546 2055 ecclesiae
577 1991 769 2055 cardinales
792 1992 946 2072 plenarie
973 1992 1141 2056 decimam

193 2091 441 2170 persolvemus.
492 2089 684 2154 Statnimus
712 2090 829 2166 edam,
858 2098 897 2154 ut
924 2109 1043 2154 omncs
1073 2091 1142 2154 cle-

195 2188 257 2252 rici
278 2190 352 2252 sive
372 2189 452 2253 laici
473 2195 553 2271 post
569 2209 704 2253 crucem
728 2198 942 2271 assumptam
963 2191 1029 2252 sub
1047 2191 1140 2254 beati

196 2286 293 2350 Petri
313 2306 354 2350 ac
368 2295 488 2351 nostra
509 2289 723 2368 protectione
740 2289 853 2351 securi
867 2295 1042 2364 maneant,
1060 2308 1141 2353 nec·

196 2405 264 2448 non
280 2386 345 2449 sub
366 2384 714 2469 archiepiscoporum,
734 2388 985 2468 episcoporum,
1006 2406 1048 2451 ao
1067 2407 1141 2450 om·

196 2484 290 2547 nium
325 2484 548 2568 praelatorum
580 2485 735 2549 ecclesiae
766 2484 834 2547 Dei
865 2483 1074 2559 defensione,
1105 2493 1141 2548 et

195 2602 313 2646 eornm
344 2584 434 2646 bona
455 2584 571 2646 omnia
596 2583 800 2658 consistant,
817 2581 868 2644 ita
888 2590 941 2657 ut,
966 2581 1074 2646 donec
1097 2584 1141 2646 de

195 2682 349 2764 ipsorum
367 2682 465 2745 obitu
482 2682 538 2745 vel
558 2682 670 2746 reditu
690 2681 880 2744 certissime
897 2688 1141 2760 cognoscatur,

193 2781 329 2862 integra
350 2789 513 2845 maneant
531 2800 572 2844 ac
588 2782 717 2863 quieta.
758 2779 795 2843 Si
809 2779 869 2860 qui
885 2797 968 2842 vero
984 2779 1140 2859 proficis-

194 2881 344 2942 centium
362 2880 406 2943 ad
423 2880 640 2962 praestandas
664 2897 786 2943 usuras
802 2878 1000 2961 juramento
1020 2885 1141 2941 tenen·

194 2985 250 3041 tur
270 2977 439 3054 adstricti,
465 2978 653 3042 creditores
675 2997 805 3054 eorum,
827 2984 866 3041 ut
887 2976 1066 3041 remittant
1090 2977 1141 3040 eis

192 3078 384 3157 praestitum
396 3077 632 3161 juramentum
647 3085 682 3141 et
699 3079 743 3141 ab
759 3096 943 3141 usurarum
959 3076 1142 3140 exactione

191 3174 372 3252 desistant,
389 3176 623 3241 ecclesiastica
638 3176 852 3240 districtione
870 3176 1138 3257 compellantur3

193 3273 235 3337 de
259 3273 282 3337 J
286 3274 394 3336 udaeis
422 3274 487 3337 hoc
518 3274 608 3337 idem
637 3281 831 3338 statuentes
863 3293 926 3355 per
950 3273 1141 3336 secularem

191 3380 412 3454 potestatem,
443 3380 484 3436 ut
513 3374 556 3435 ad
593 3372 659 3436 hoc
696 3371 891 3436 laciendum
920 3370 1139 3435 inducantur.

193 3470 304 3535 Porro
319 3471 542 3535 ecclesiarum
559 3471 708 3554 praelati,
724 3471 783 3552 qui
802 3471 838 3532 in
860 3468 1056 3532 exhibenda
1062 3469 1140 3551 jus·

192 3569 271 3633 titia
287 3589 389 3633 cruce
409 3570 556 3650 signatis
580 3577 753 3635 eteorum
779 3567 1059 3651 procuratoribus
1078 3575 1141 3631 aut

191 3667 330 3731 familiis
345 3669 561 3750 negligentes
577 3669 788 3744 exstiterint,
801 3668 914 3731 sciant
931 3686 969 3731 se
986 3666 1142 3747 graviter

191 3766 396 3847 puniendos.
432 3767 604 3832 Caeterum
616 3769 659 3831 de
669 3768 821 3831 virorum
829 3766 1048 3849 prudentium
1060 3783 1140 3828 con·

191 3865 269 3928 silio
286 3865 481 3943 definimus,
496 3874 536 3929 ut
550 3867 601 3931 ita
613 3886 651 3929 se
666 3884 767 3930 cruce
784 3865 913 3945 signati
930 3869 1140 3946 praeparent,

191 3974 231 4028 ut
246 3966 283 4028 in
301 3964 459 4029 kalendis
475 3965 498 4029 J
501 3966 573 4029 unii
587 3964 764 4046 sequentis
781 3971 862 4045 post
880 3964 1089 4045 proximum,
1104 3969 1140 4025 et

190 4064 250 4144 qui
265 4064 498 4147 disposuerint
512 4064 659 4128 transire
676 4083 738 4145 per
750 4082 855 4140 mare,
876 4060 1083 4126 conveniant
1103 4060 1140 4123 in

191 4182 334 4244 reguum
352 4162 491 4239 Siciliae,
519 4163 578 4227 alii
605 4163 698 4244 apud
715 4161 961 4238 Brundusium,
971 4159 1032 4224 alii
1047 4159 1140 4241 apud
