2970 5016
401 447 445 512 26
660 461 794 508 nocrnr
819 461 866 509 nn
889 460 1097 509 wunnovnn

239 637 363 678 Aramo.
402 622 492 684 enim
526 621 622 684 locus
653 639 743 683 unus
774 621 895 684 ambos
926 621 1129 698 continere3
1164 619 1256 682 unde
1290 639 1352 683 rex

405 720 616 786 Francorum
634 739 755 783 versus
771 720 793 783 J
797 739 983 783 anuonsem
1007 720 1184 785 civitatem
1207 720 1275 782 iter
1296 738 1353 783 ar·

402 820 520 902 ripuit,
544 828 579 883 ct
601 838 663 883 rex
682 818 876 900 Anglorum
895 838 1015 883 versus
1034 819 1254 898 Messanam3
1282 838 1353 901 quo

403 938 481 982 cum
521 920 747 1001 pervenisset,
778 919 912 984 invenit
950 920 999 983 ibi
1036 919 1164 984 multos
1198 918 1351 1001 peregri·

402 1038 479 1094 nos,
501 1019 561 1100 qui
580 1019 656 1102 jam
685 1025 828 1100 propter
854 1018 1052 1082 diuturnam
1079 1038 1223 1094 moram,
1246 1036 1351 1100 quam

401 1119 449 1183 ibi
472 1118 636 1195 fecerant,
660 1124 771 1182 totum
800 1136 849 1181 aes
871 1138 971 1183 suum
994 1118 1243 1201 expenderant,
1266 1136 1353 1199 quo-

403 1237 479 1282 rum
497 1217 624 1281 multos
641 1237 704 1281 rex
723 1217 919 1282 Richardus
943 1219 1085 1282 retinuit
1100 1226 1136 1282 et
1151 1217 1230 1281 illos
1253 1236 1353 1280 exer-

402 1318 486 1381 citui
504 1336 567 1381 suo
582 1318 777 1400 conjunxit.
812 1316 969 1399 Cumque
984 1338 1045 1381 rex
1059 1317 1185 1382 ibidem
1201 1336 1262 1398 per
1277 1315 1351 1378 dies

403 1425 483 1482 octo
503 1436 633 1482 moram
649 1417 799 1494 fecisset,
817 1436 960 1500 sperans
988 1417 1142 1499 quotidie
1164 1417 1351 1479 adventum

403 1517 535 1598 navigii
570 1518 636 1595 sui,
670 1517 851 1582 fraudatus
880 1536 902 1581 a
931 1517 1101 1581 desiderio
1131 1536 1195 1580 suo
1224 1517 1351 1579 buccas

403 1616 520 1681 decem
549 1636 708 1698 magnas,
741 1636 866 1680 novem
898 1616 1030 1697 galeias
1064 1617 1149 1680 bene
1184 1622 1348 1691 armatas,

403 1716 582 1793 conduxit,
609 1735 696 1797 quas
730 1723 872 1798 propter
901 1735 1032 1780 moram
1064 1716 1194 1798 navigii
1224 1715 1351 1780 anxius

403 1816 567 1894 intravit;
600 1824 647 1892 et,
673 1835 717 1880 ne
749 1816 882 1879 otiosus
905 1816 1042 1880 interim
1065 1835 1141 1880 esse
1166 1815 1350 1890 videretur,

404 1908 582 1979 transivit¹
610 1935 687 1980 cnm
713 1934 818 1979 manu
837 1922 973 1979 armata
993 1923 1028 1979 et
1049 1917 1192 1980 robusta
1215 1934 1276 1996 per
1297 1914 1351 1978 in·

404 2015 515 2079 sulam
537 2015 650 2079 sancti
666 2014 846 2096 Stephani,
868 2023 904 2078 et
926 2034 988 2096 per
1005 2013 1214 2097 Aquileiam,
1237 2021 1272 2078 et
1289 2032 1352 2094 per

405 2113 730 2196 Mentem-nigrum,
757 2134 820 2196 per
848 2114 997 2177 insulam
1020 2115 1133 2178 sancti
1163 2112 1350 2189 Honorati,

403 2206 482 2296 per²
499 2215 675 2279 civitatem
698 2213 740 2277 da
760 2213 864 2291 Meis,
882 2221 917 2278 et
932 2233 994 2296 per
1014 2215 1190 2278 civitatem
1204 2232 1281 2295 quae
1298 2212 1351 2275 di-

403 2313 494 2377 citur
517 2314 756 2379 Wintilimine.
809 2313 945 2378 Deinde
969 2315 1153 2377 transitum
1181 2312 1263 2376 fecit
1290 2331 1353 2394 per

404 2414 598 2490 castellum,
614 2413 705 2496 quod
727 2412 828 2477 Seine
850 2421 1080 2494 nuncupatur,
1103 2420 1137 2476 et
1159 2412 1278 2477 eodem
1296 2411 1351 2474 dic

404 2512 541 2576 locutus
558 2520 611 2577 est
626 2533 704 2576 cum
720 2532 802 2593 rege
819 2512 1044 2589 Francorum,
1058 2512 1118 2595 qui
1135 2513 1181 2576 ibi
1198 2511 1350 2575 infirma-

404 2613 518 2678 batur.
565 2611 700 2690 Quarto
716 2612 850 2675 decimo
867 2611 923 2676 die
943 2613 1071 2676 mensis
1087 2610 1239 2694 Augusti
1256 2611 1352 2675 venit

405 2731 467 2775 rex
496 2711 690 2795 Anglorum
715 2712 759 2775 ad
790 2719 928 2794 portum
958 2711 1124 2794 Delphini
1151 2719 1186 2775 et
1216 2711 1264 2774 ibi
1290 2730 1352 2792 per

405 2811 478 2875 dies
500 2813 652 2896 quinque
674 2831 806 2875 moram
827 2811 930 2891 fecit3
966 2820 1002 2875 et
1023 2811 1071 2875 ibi
1092 2811 1184 2874 misit
1206 2810 1249 2873 ad
1272 2829 1351 2873 eum

404 2931 467 2975 rex
494 2912 704 2975 Francorum
737 2931 865 2993 rogans
888 2918 927 2974 ut
954 2911 1230 2975 accommodaret
1251 2909 1352 2992 quin·

404 3030 473 3093 que
500 3011 644 3092 galetas,
675 3019 710 3075 et
738 3030 801 3076 rex
829 3009 1022 3091 Anglornm
1049 3011 1174 3075 obtulit
1196 3010 1245 3073 illi
1269 3017 1352 3086 tres,

404 3129 492 3193 quas
523 3129 587 3172 rex
616 3110 826 3174 Francorum
857 3111 1041 3175 recusavit.
1095 3109 1230 3175 Deinde
1257 3110 1352 3190 vige-

404 3210 492 3272 simo
516 3218 641 3291 quarto
667 3209 722 3273 die
749 3209 902 3292 Augusti
931 3211 1026 3274 venit
1049 3230 1111 3272 rex
1132 3209 1177 3272 ad
1202 3215 1353 3291 portum,

404 3309 464 3391 qui
490 3303 724 3373 ³Porteswere
752 3311 959 3392 appellatur,
985 3310 1046 3393 qui
1076 3310 1188 3373 media
1212 3309 1269 3372 via
1299 3316 1353 3372 est

404 3408 495 3472 inter
517 3408 711 3473 Marsiliam
740 3418 775 3474 et
802 3409 1015 3486 Messanam,
1038 3410 1155 3491 sicque
1177 3408 1255 3471 loca
1274 3426 1352 3489 per·

405 3509 578 3573 transiens
597 3509 735 3574 diversa
754 3510 898 3573 intravit
915 3510 1092 3593 Tyberim,
1114 3509 1156 3571 ad
1183 3508 1284 3591 cujus
1302 3507 1355 3570 in-

405 3609 545 3672 troitum
578 3610 681 3672 turris
715 3609 945 3691 pulcherrima
968 3609 1038 3672 sita
1061 3615 1139 3685 cst;
1167 3615 1203 3671 et
1225 3607 1271 3669 ibi
1295 3626 1355 3670 ve-

406 3708 457 3772 nit
482 3709 526 3771 ad
548 3729 664 3790 regem
686 3709 913 3787 Octavianus,
937 3708 1137 3773 Hosticnsis
1157 3707 1353 3789 episcopus,

405 3826 533 3889 rogans
548 3828 626 3872 eum
646 3829 691 3872 ex
707 3816 807 3890 parte
823 3808 952 3873 domini
975 3828 1076 3891 papae
1098 3815 1138 3871 nt
1159 3806 1256 3869 illum
1275 3806 1357 3869 visi-

405 3916 516 3988 taret;
541 3908 633 3991 quod
656 3908 769 3973 facere
787 3928 934 3973 renuens
957 3928 1016 3971 rex
1034 3907 1282 3989 improperavit
1304 3906 1356 3971 illi

441 4115 596 4179 ¹Trarm'nit,
618 4119 629 4181 ]
656 4132 689 4166 on
711 4117 753 4167 the
775 4118 819 4167 tth
841 4118 871 4167 os
929 4115 1269 4182 ‘PercinitntemdeMeia]
1286 4118 1357 4169 ‘Per

406 4188 509 4249 August
514 4203 523 4251 3
543 4189 692 4251 Brompton,¹
702 4190 750 4237 col.
764 4193 835 4239 nu.
893 4188 1283 4326 civuifflrergeirceeplmk'uiffies
1293 4258 1346 4309 ibid
