2970 5016
193 651 249 690 Ab.
261 651 317 690 ttto.

183 4143 254 4182 latter
262 4142 287 4180 oi

183 4193 247 4231 Louls
256 4195 278 4230 to
288 4192 324 4231 tlte

182 4245 264 4283 urunt.

352 458 419 522 362
603 481 737 529 nocnar
761 479 810 525 nn
833 480 1040 527 wannovsn

354 651 390 706 et
405 641 581 717 clientum,
599 658 686 722 qnos
707 657 826 702 omnes
842 637 962 720 procul
979 638 1083 700 dubio
1107 638 1230 701 eadem
1249 659 1309 703 ex-

354 740 675 805 communicationis
698 737 870 801 sententia
888 736 1049 801 volumus
1070 757 1146 801 esse
1165 737 1306 818 ligatos,

353 860 434 904 nam
457 848 578 903 contra
601 839 777 902 dominum
804 856 918 918 regem
941 843 977 899 et
994 844 1153 900 sanctam
1177 836 1303 902 Roma·

354 959 434 1002 nam
459 938 639 1002 ecclesiam
662 937 831 1000 invadunt
850 955 994 1017 regnum
1017 935 1171 1017 Angliae,
1194 940 1306 1019 quoti·

354 1039 410 1103 die
432 1038 671 1120 depraedantes
690 1035 788 1113 illud,
813 1043 848 1100 et
864 1055 928 1118 pro
947 1043 1047 1117 parte
1069 1035 1228 1101 detinent
1249 1056 1307 1102 oc-

353 1146 530 1220 cupatum,
554 1136 646 1220 quod
671 1143 725 1200 est
752 1136 886 1199 cunctis
911 1135 947 1198 in
970 1133 1103 1216 Anglia
1124 1143 1162 1200 et
1187 1137 1307 1202 multis

353 1237 437 1301 alibi
462 1237 705 1312 manifestum
739 1235 901 1317 quocirca
923 1233 1133 1318 jamdictos
1158 1237 1304 1313 nobiles,

352 1337 579 1400 castellanum
609 1335 770 1399 videlicet
792 1333 836 1396 de
862 1342 984 1398 sancto
1012 1333 1152 1411 Omero,
1177 1334 1304 1418 Hugo-

354 1456 431 1500 nom
452 1437 611 1509 Thacun,
641 1433 867 1498 Eustachium
892 1432 936 1497 de
963 1433 1115 1509 Nevilla,
1141 1436 1305 1501 castella·

353 1555 435 1598 num
460 1537 504 1600 de
526 1535 649 1610 Arraz,
680 1533 907 1597 castellanum
937 1532 979 1596 de
1005 1534 1201 1610 Beaumeis,
1231 1538 1304 1602 Ne·

353 1635 457 1699 volim
492 1636 536 1698 de
565 1634 688 1709 Arraz,
726 1632 965 1696 Baldewinum
1004 1633 1134 1710 Bretel,
1169 1634 1229 1700 W.
1262 1640 1304 1704 de

352 1734 498 1811 Wimes,
539 1734 716 1814 AEgidium
752 1733 795 1796 de
834 1733 978 1810 Melum,
1010 1732 1069 1797 W.
1103 1732 1146 1797 de
1186 1735 1304 1802 Bello·

352 1843 480 1911 monte,
499 1833 677 1915 AEgidium
698 1832 741 1896 de
758 1832 877 1909 Hersi,
898 1833 997 1896 Biset
1012 1832 1055 1896 de
1077 1834 1208 1912 Feresi,
1225 1857 1303 1902 cum

352 1933 577 2016 complicibus
595 1933 668 1995 suis
692 1946 727 1996 et
747 1933 906 1997 omnibus
927 1932 997 1997 illis
1020 1933 1081 2015 qui
1102 1941 1228 2000 contra
1250 1958 1301 2001 re-

352 2053 431 2114 gem
461 2034 504 2098 ad
537 2033 773 2114 occupandum
805 2032 859 2096 vel
893 2032 1123 2096 invadendum
1156 2054 1301 2118 regnum

352 2130 491 2212 Angliae
524 2151 624 2212 opem
657 2131 713 2196 vel
749 2150 888 2213 operam
922 2133 1174 2215 impenderunt,
1207 2137 1303 2200 insu-

352 2250 415 2312 per
436 2229 660 2312 saepedictum
683 2230 864 2307 decanum,
890 2251 1023 2296 necnon
1045 2241 1080 2297 et
1101 2254 1224 2300 omnes
1246 2255 1302 2300 ca-

352 2330 495 2393 nonicos
526 2337 562 2392 et
583 2327 726 2393 clericos
748 2331 994 2414 cujuscumque
1025 2333 1208 2413 dignitatis
1242 2346 1302 2400 aut

333 2429 482 2492 ‚ordinis
503 2428 546 2492 de
566 2428 720 2492 ecclesiis
743 2430 898 2511 praelatis
918 2440 953 2494 et
973 2431 1125 2510 civitate,
1150 2434 1196 2497 ad
1217 2456 1303 2519 quo-

351 2548 426 2592 rum
458 2528 617 2593 notitiam
643 2529 843 2592 mandatum
872 2533 1078 2611 pervenerit,
1101 2534 1159 2597 vel
1182 2537 1302 2617 quise

351 2629 632 2704 absentaverunt,
654 2628 710 2691 vel
732 2647 937 2711 quocunque
963 2631 1065 2695 modo
1090 2653 1301 2715 procurave-

351 2735 433 2790 runt
455 2748 524 2810 quo
553 2729 666 2791 minus
692 2729 887 2809 perveniret
909 2729 953 2792 ad
976 2730 1065 2808 illos,
1092 2735 1301 2799 auctoritate

352 2828 555 2909 apostolica,
581 2846 650 2908 qua
676 2827 853 2908 fungimur
878 2829 914 2891 iu
941 2828 1006 2893 bac
1032 2839 1144 2912 parte,
1168 2833 1299 2897 denun-

351 2927 478 2989 tiamus
503 2928 844 3006 excommunicatos;
872 2929 971 2991 vobis
997 2930 1116 2993 eadem
1150 2935 1301 2997 auctori·

351 3034 424 3090 tate
456 3025 690 3108 injungentes,
722 3034 891 3108 quatenus
923 3048 1042 3092 omnes
1081 3031 1300 3113 supradictos

350 3126 666 3188 excommunicatos
698 3127 834 3207 publice
866 3127 1076 3193 denuntietis
1106 3140 1142 3194 et
1164 3130 1301 3196 faciatis

349 3245 411 3307 per
427 3231 536 3288 totam
560 3224 759 3307 parochiam
778 3234 928 3290 vestram
951 3229 1130 3309 publicari,
1148 3240 1222 3293 tam
1242 3233 1300 3296 de·

348 3343 473 3387 canum
508 3342 612 3405 quam
653 3325 784 3388 nobiles
822 3326 1038 3408 supradictos
1073 3332 1302 3411 personaliter

349 3424 569 3501 nominando,
583 3424 634 3487 ita
654 3424 746 3488 circa
763 3424 828 3488 hoc
845 3433 880 3488 et
897 3426 995 3504 illud,
1010 3429 1104 3509 quod
1122 3430 1159 3492 in
1180 3432 1300 3512 primis

347 3523 457 3586 literis
474 3523 572 3588 vobis
594 3524 762 3587 directum
785 3526 982 3590 continetur
1001 3528 1215 3605 mandatum,
1230 3530 1299 3594 sol·

347 3623 434 3686 liciti
459 3624 661 3699 existentes,
687 3643 730 3686 no
761 3643 866 3705 penes
895 3645 1064 3689 summum
1089 3630 1299 3710 pontificem,

347 3724 440 3805 quod
462 3724 565 3798 absit,
585 3723 726 3805 possitis
749 3723 910 3805 redargui
931 3725 974 3789 do
998 3727 1224 3809 negligentia,
1239 3731 1298 3793 sed

346 3823 389 3885 de
413 3822 593 3903 diligentia
611 3823 726 3903 potius
746 3826 990 3889 commendari.
1036 3826 1186 3892 Valetess

368 3995 410 4058 Ut
426 3995 609 4059 Lodowicus
624 3995 732 4058 literas
747 3997 964 4061 eomolotorios
979 3997 1145 4063 baronibus
1160 4001 1290 4066 miserat.

399 4119 479 4183 Hac
502 4138 639 4202 quoque
660 4126 866 4201 tempestate
883 4118 1088 4185 Lodowicus
1112 4123 1299 4187 baronibus

346 4228 382 4283 et
411 4220 545 4283 civibus
588 4217 777 4283 Londoniis
819 4222 1113 4285 commorantibus
1155 4222 1192 4287 in
1227 4223 1300 4286 baec
