<?xml version="1.0" encoding="UTF-8"?>
<!DOCTYPE html PUBLIC "-//W3C//DTD XHTML 1.0 Transitional//EN"
    "http://www.w3.org/TR/xhtml1/DTD/xhtml1-transitional.dtd">
<html xmlns="http://www.w3.org/1999/xhtml" xml:lang="en" lang="en">
 <head>
  <title>
</title>
<meta http-equiv="Content-Type" content="text/html;charset=utf-8" />
  <meta name='ocr-system' content='tesseract 3.04.00' />
  <meta name='ocr-capabilities' content='ocr_page ocr_carea ocr_par ocr_line ocrx_word'/>
</head>
<body>
  <div class='ocr_page' id='page_1' title='image "./rogeridewendove08rogegoog_0158.png"; bbox 0 0 2970 5016; ppageno 0'>
   <div class='ocr_carea' id='block_1_1' title="bbox 414 476 1102 540">
    <p class='ocr_par' dir='ltr' id='par_1_1' title="bbox 414 476 1102 540">
     <span class='ocr_line' id='line_1_1' title="bbox 414 476 1102 540; baseline 0.009 -6"><span class='ocrx_word' id='word_1_1' title='bbox 414 487 552 536; x_wconf 73' lang='lat' dir='ltr'><strong>enonas</strong></span> <span class='ocrx_word' id='word_1_2' title='bbox 576 488 847 538; x_wconf 83' lang='lat' dir='ltr'><strong>ursronrxnuu.</strong></span> <span class='ocrx_word' id='word_1_3' title='bbox 1037 476 1102 540; x_wconf 75' lang='grc'><strong>149</strong></span> 
     </span>
    </p>
   </div>
   <div class='ocr_carea' id='block_1_2' title="bbox 139 638 1263 4200">
    <p class='ocr_par' dir='ltr' id='par_1_2' title="bbox 139 638 1263 4200">
     <span class='ocr_line' id='line_1_2' title="bbox 144 638 1235 753; baseline 0.007 -49"><span class='ocrx_word' id='word_1_4' title='bbox 144 641 423 725; x_wconf 81' lang='lat' dir='ltr'><strong>archiepiscopus</strong></span> <span class='ocrx_word' id='word_1_5' title='bbox 448 638 668 724; x_wconf 87' lang='lat' dir='ltr'><strong>¹Zacbarias,</strong></span> <span class='ocrx_word' id='word_1_6' title='bbox 690 655 726 710; x_wconf 92' lang='lat' dir='ltr'><strong>et</strong></span> <span class='ocrx_word' id='word_1_7' title='bbox 748 648 986 730; x_wconf 83' lang='lat' dir='ltr'><strong>expandentes</strong></span> <span class='ocrx_word' id='word_1_8' title='bbox 1007 648 1097 712; x_wconf 88' lang='lat' dir='ltr'><strong>insu·</strong></span> <span class='ocrx_word' id='word_1_9' title='bbox 1111 665 1168 753; x_wconf 60' lang='lat'><strong>3³³·</strong></span> <span class='ocrx_word' id='word_1_10' title='bbox 1180 667 1235 706; x_wconf 83' lang='lat'>1²⁰⁰.</span> 
     </span>
     <span class='ocr_line' id='line_1_3' title="bbox 144 716 1263 832; baseline 0.008 -29"><span class='ocrx_word' id='word_1_11' title='bbox 144 741 213 804; x_wconf 88' lang='lat' dir='ltr'><strong>lam</strong></span> <span class='ocrx_word' id='word_1_12' title='bbox 230 761 335 824; x_wconf 89' lang='lat' dir='ltr'><strong>super</strong></span> <span class='ocrx_word' id='word_1_13' title='bbox 354 744 465 808; x_wconf 87' lang='lat' dir='ltr'><strong>altare</strong></span> <span class='ocrx_word' id='word_1_14' title='bbox 488 754 645 809; x_wconf 88' lang='lat' dir='ltr'><strong>sanctum</strong></span> <span class='ocrx_word' id='word_1_15' title='bbox 662 756 818 810; x_wconf 79' lang='lat' dir='ltr'><strong>sanctam</strong></span> <span class='ocrx_word' id='word_1_16' title='bbox 838 747 901 809; x_wconf 92' lang='lat' dir='ltr'><strong>Dei</strong></span> <span class='ocrx_word' id='word_1_17' title='bbox 915 748 1097 828; x_wconf 88' lang='lat' dir='ltr'><strong>epistolam</strong></span> <span class='ocrx_word' id='word_1_18' title='bbox 1111 716 1263 832; x_wconf 53' lang='lat' dir='ltr'><strong>vllss‘olblll&#39;</strong></span> 
     </span>
     <span class='ocr_line' id='line_1_4' title="bbox 143 815 1238 927; baseline 0.008 -25"><span class='ocrx_word' id='word_1_19' title='bbox 143 850 364 923; x_wconf 85' lang='lat' dir='ltr'><strong>aeceperunt,</strong></span> <span class='ocrx_word' id='word_1_20' title='bbox 388 863 493 925; x_wconf 92' lang='lat' dir='ltr'><strong>quam</strong></span> <span class='ocrx_word' id='word_1_21' title='bbox 516 863 592 907; x_wconf 91' lang='lat' dir='ltr'><strong>cum</strong></span> <span class='ocrx_word' id='word_1_22' title='bbox 613 845 858 927; x_wconf 82' lang='lat' dir='ltr'><strong>inspexissent,</strong></span> <span class='ocrx_word' id='word_1_23' title='bbox 882 846 975 909; x_wconf 90' lang='lat' dir='ltr'><strong>istud</strong></span> <span class='ocrx_word' id='word_1_24' title='bbox 1001 815 1238 911; x_wconf 54' lang='lat' dir='ltr'><strong>inve-L⁰¹‘¹&#39;“³&#39;&#39;</strong></span> 
     </span>
     <span class='ocr_line' id='line_1_5' title="bbox 143 943 1096 1028; baseline 0.009 -27"><span class='ocrx_word' id='word_1_25' title='bbox 143 948 270 1003; x_wconf 88' lang='lat' dir='ltr'><strong>nerunt</strong></span> <span class='ocrx_word' id='word_1_26' title='bbox 295 943 585 1023; x_wconf 69' lang='lat' dir='ltr'><strong>superscriptum</strong></span> <span class='ocrx_word' id='word_1_27' title='bbox 610 944 707 1025; x_wconf 84' lang='lat' dir='ltr'><strong>‘Ego</strong></span> <span class='ocrx_word' id='word_1_28' title='bbox 726 945 908 1022; x_wconf 90' lang='lat' dir='ltr'><strong>Dominus,</strong></span> <span class='ocrx_word' id='word_1_29' title='bbox 927 946 987 1026; x_wconf 91' lang='lat' dir='ltr'><strong>qui</strong></span> <span class='ocrx_word' id='word_1_30' title='bbox 1006 967 1096 1028; x_wconf 82' lang='lat' dir='ltr'><strong>prae-</strong></span> 
     </span>
     <span class='ocr_line' id='line_1_6' title="bbox 144 1039 1095 1120; baseline 0.007 -19"><span class='ocrx_word' id='word_1_31' title='bbox 144 1039 220 1120; x_wconf 87' lang='lat' dir='ltr'><strong>cepi</strong></span> <span class='ocrx_word' id='word_1_32' title='bbox 236 1041 345 1116; x_wconf 83' lang='lat' dir='ltr'><strong>vobis,</strong></span> <span class='ocrx_word' id='word_1_33' title='bbox 369 1048 408 1104; x_wconf 91' lang='lat' dir='ltr'><strong>nt</strong></span> <span class='ocrx_word' id='word_1_34' title='bbox 430 1042 661 1105; x_wconf 86' lang='lat' dir='ltr'><strong>observaretis</strong></span> <span class='ocrx_word' id='word_1_35' title='bbox 684 1051 844 1107; x_wconf 92' lang='lat' dir='ltr'><strong>sanctum</strong></span> <span class='ocrx_word' id='word_1_36' title='bbox 867 1044 956 1107; x_wconf 90' lang='lat' dir='ltr'><strong>diem</strong></span> <span class='ocrx_word' id='word_1_37' title='bbox 975 1045 1095 1109; x_wconf 91' lang='lat' dir='ltr'><strong>Domi—</strong></span> 
     </span>
     <span class='ocr_line' id='line_1_7' title="bbox 144 1138 1096 1224; baseline 0.009 -25"><span class='ocrx_word' id='word_1_38' title='bbox 144 1138 272 1215; x_wconf 89' lang='lat' dir='ltr'><strong>nieum,</strong></span> <span class='ocrx_word' id='word_1_39' title='bbox 289 1139 408 1222; x_wconf 93' lang='lat' dir='ltr'><strong>inquo</strong></span> <span class='ocrx_word' id='word_1_40' title='bbox 426 1140 579 1221; x_wconf 88' lang='lat' dir='ltr'><strong>requievi</strong></span> <span class='ocrx_word' id='word_1_41' title='bbox 596 1143 640 1204; x_wconf 89' lang='lat' dir='ltr'><strong>ab</strong></span> <span class='ocrx_word' id='word_1_42' title='bbox 660 1144 822 1224; x_wconf 89' lang='lat' dir='ltr'><strong>operibus</strong></span> <span class='ocrx_word' id='word_1_43' title='bbox 837 1144 933 1220; x_wconf 90' lang='lat' dir='ltr'><strong>meis,</strong></span> <span class='ocrx_word' id='word_1_44' title='bbox 950 1152 990 1207; x_wconf 91' lang='lat' dir='ltr'><strong>ut</strong></span> <span class='ocrx_word' id='word_1_45' title='bbox 1004 1153 1096 1209; x_wconf 88' lang='lat' dir='ltr'><strong>esset</strong></span> 
     </span>
     <span class='ocr_line' id='line_1_8' title="bbox 145 1237 1094 1319; baseline 0.009 -21"><span class='ocrx_word' id='word_1_46' title='bbox 145 1237 279 1319; x_wconf 88' lang='lat' dir='ltr'><strong>requies</strong></span> <span class='ocrx_word' id='word_1_47' title='bbox 303 1239 438 1303; x_wconf 88' lang='lat' dir='ltr'><strong>eunctis</strong></span> <span class='ocrx_word' id='word_1_48' title='bbox 466 1240 669 1303; x_wconf 90' lang='lat' dir='ltr'><strong>mortalibus</strong></span> <span class='ocrx_word' id='word_1_49' title='bbox 696 1243 732 1304; x_wconf 93' lang='lat' dir='ltr'><strong>in</strong></span> <span class='ocrx_word' id='word_1_50' title='bbox 760 1251 940 1319; x_wconf 80' lang='lat' dir='ltr'><strong>aeternum,</strong></span> <span class='ocrx_word' id='word_1_51' title='bbox 966 1251 1002 1307; x_wconf 89' lang='lat' dir='ltr'><strong>et</strong></span> <span class='ocrx_word' id='word_1_52' title='bbox 1027 1264 1094 1307; x_wconf 92' lang='lat' dir='ltr'><strong>non</strong></span> 
     </span>
     <span class='ocr_line' id='line_1_9' title="bbox 144 1336 1094 1423; baseline 0.007 -25"><span class='ocrx_word' id='word_1_53' title='bbox 144 1336 345 1401; x_wconf 91' lang='lat' dir='ltr'><strong>custodistis</strong></span> <span class='ocrx_word' id='word_1_54' title='bbox 362 1357 452 1414; x_wconf 90' lang='lat' dir='ltr'><strong>eum,</strong></span> <span class='ocrx_word' id='word_1_55' title='bbox 469 1346 502 1401; x_wconf 93' lang='lat' dir='ltr'><strong>et</strong></span> <span class='ocrx_word' id='word_1_56' title='bbox 519 1338 727 1422; x_wconf 80' lang='lat' dir='ltr'><strong>depereatis</strong></span> <span class='ocrx_word' id='word_1_57' title='bbox 744 1343 867 1404; x_wconf 84' lang='lat' dir='ltr'><strong>vestris</strong></span> <span class='ocrx_word' id='word_1_58' title='bbox 891 1362 959 1405; x_wconf 93' lang='lat' dir='ltr'><strong>non</strong></span> <span class='ocrx_word' id='word_1_59' title='bbox 984 1345 1094 1423; x_wconf 84' lang='lat' dir='ltr'><strong>poeni-</strong></span> 
     </span>
     <span class='ocr_line' id='line_1_10' title="bbox 145 1436 1093 1520; baseline 0.007 -23"><span class='ocrx_word' id='word_1_60' title='bbox 145 1436 272 1498; x_wconf 80' lang='lat' dir='ltr'><strong>ruistis.</strong></span> <span class='ocrx_word' id='word_1_61' title='bbox 318 1437 416 1500; x_wconf 90' lang='lat' dir='ltr'><strong>Sicut</strong></span> <span class='ocrx_word' id='word_1_62' title='bbox 439 1437 512 1500; x_wconf 82' lang='lat' dir='ltr'><strong>dixi</strong></span> <span class='ocrx_word' id='word_1_63' title='bbox 532 1457 594 1519; x_wconf 88' lang='lat' dir='ltr'><strong>per</strong></span> <span class='ocrx_word' id='word_1_64' title='bbox 615 1440 832 1520; x_wconf 87' lang='lat' dir='ltr'><strong>evangelium</strong></span> <span class='ocrx_word' id='word_1_65' title='bbox 850 1460 976 1517; x_wconf 90' lang='lat' dir='ltr'><strong>meum,</strong></span> <span class='ocrx_word' id='word_1_66' title='bbox 994 1441 1093 1504; x_wconf 82' lang='lat' dir='ltr'>‘Cae-</span> 
     </span>
     <span class='ocr_line' id='line_1_11' title="bbox 144 1534 1093 1614; baseline 0.007 -19"><span class='ocrx_word' id='word_1_67' title='bbox 144 1534 214 1599; x_wconf 90' lang='lat' dir='ltr'><strong>lum</strong></span> <span class='ocrx_word' id='word_1_68' title='bbox 242 1542 277 1598; x_wconf 88' lang='lat' dir='ltr'><strong>et</strong></span> <span class='ocrx_word' id='word_1_69' title='bbox 301 1543 393 1600; x_wconf 90' lang='lat' dir='ltr'><strong>terra</strong></span> <span class='ocrx_word' id='word_1_70' title='bbox 420 1537 628 1614; x_wconf 88' lang='lat' dir='ltr'><strong>transibunt,</strong></span> <span class='ocrx_word' id='word_1_71' title='bbox 648 1540 753 1602; x_wconf 87' lang='lat' dir='ltr'><strong>verba</strong></span> <span class='ocrx_word' id='word_1_72' title='bbox 783 1546 899 1602; x_wconf 90' lang='lat' dir='ltr'><strong>autem</strong></span> <span class='ocrx_word' id='word_1_73' title='bbox 924 1559 1001 1602; x_wconf 90' lang='lat' dir='ltr'><strong>mea</strong></span> <span class='ocrx_word' id='word_1_74' title='bbox 1026 1560 1093 1604; x_wconf 91' lang='lat' dir='ltr'><strong>non</strong></span> 
     </span>
     <span class='ocr_line' id='line_1_12' title="bbox 145 1634 1093 1720; baseline 0.005 -23"><span class='ocrx_word' id='word_1_75' title='bbox 145 1634 364 1699; x_wconf 61' lang='lat' dir='ltr'><strong>transibunt?</strong></span> <span class='ocrx_word' id='word_1_76' title='bbox 427 1636 508 1699; x_wconf 89' lang='lat' dir='ltr'><strong>Feci</strong></span> <span class='ocrx_word' id='word_1_77' title='bbox 525 1638 624 1700; x_wconf 89' lang='lat' dir='ltr'><strong>vobis</strong></span> <span class='ocrx_word' id='word_1_78' title='bbox 644 1637 833 1719; x_wconf 76' lang='lat' dir='ltr'><strong>prardicare</strong></span> <span class='ocrx_word' id='word_1_79' title='bbox 854 1639 1093 1720; x_wconf 85' lang='lat' dir='ltr'><strong>poenitentiam</strong></span> 
     </span>
     <span class='ocr_line' id='line_1_13' title="bbox 144 1732 1094 1819; baseline 0.008 -25"><span class='ocrx_word' id='word_1_80' title='bbox 144 1732 239 1811; x_wconf 77' lang='lat' dir='ltr'><strong>vitae,</strong></span> <span class='ocrx_word' id='word_1_81' title='bbox 264 1742 299 1798; x_wconf 90' lang='lat' dir='ltr'><strong>et</strong></span> <span class='ocrx_word' id='word_1_82' title='bbox 315 1754 382 1798; x_wconf 93' lang='lat' dir='ltr'><strong>non</strong></span> <span class='ocrx_word' id='word_1_83' title='bbox 406 1735 620 1816; x_wconf 89' lang='lat' dir='ltr'><strong>credidistis;</strong></span> <span class='ocrx_word' id='word_1_84' title='bbox 648 1736 724 1799; x_wconf 90' lang='lat' dir='ltr'><strong>misi</strong></span> <span class='ocrx_word' id='word_1_85' title='bbox 741 1758 845 1819; x_wconf 88' lang='lat' dir='ltr'><strong>super</strong></span> <span class='ocrx_word' id='word_1_86' title='bbox 862 1758 923 1801; x_wconf 88' lang='lat' dir='ltr'><strong>vos</strong></span> <span class='ocrx_word' id='word_1_87' title='bbox 939 1757 1094 1819; x_wconf 81' lang='lat' dir='ltr'><strong>paganos</strong></span> 
     </span>
     <span class='ocr_line' id='line_1_14' title="bbox 145 1834 1092 1918; baseline 0.004 -23"><span class='ocrx_word' id='word_1_88' title='bbox 145 1841 181 1896; x_wconf 86' lang='lat' dir='ltr'><strong>et</strong></span> <span class='ocrx_word' id='word_1_89' title='bbox 200 1842 334 1914; x_wconf 73' lang='lat' dir='ltr'><strong>genteS,</strong></span> <span class='ocrx_word' id='word_1_90' title='bbox 352 1835 412 1916; x_wconf 92' lang='lat' dir='ltr'><strong>qui</strong></span> <span class='ocrx_word' id='word_1_91' title='bbox 437 1834 630 1899; x_wconf 83' lang='lat' dir='ltr'><strong>effuderunt</strong></span> <span class='ocrx_word' id='word_1_92' title='bbox 655 1838 858 1918; x_wconf 82' lang='lat' dir='ltr'><strong>sanguinem</strong></span> <span class='ocrx_word' id='word_1_93' title='bbox 882 1844 1034 1900; x_wconf 85' lang='lat' dir='ltr'><strong>vestrum</strong></span> <span class='ocrx_word' id='word_1_94' title='bbox 1058 1838 1092 1900; x_wconf 95' lang='lat' dir='ltr'><strong>in</strong></span> 
     </span>
     <span class='ocr_line' id='line_1_15' title="bbox 146 1934 1092 2018; baseline 0.004 -23"><span class='ocrx_word' id='word_1_95' title='bbox 146 1938 250 2009; x_wconf 87' lang='lat' dir='ltr'><strong>terra,</strong></span> <span class='ocrx_word' id='word_1_96' title='bbox 278 1952 341 1996; x_wconf 92' lang='lat' dir='ltr'><strong>nec</strong></span> <span class='ocrx_word' id='word_1_97' title='bbox 369 1942 483 1997; x_wconf 92' lang='lat' dir='ltr'><strong>tamen</strong></span> <span class='ocrx_word' id='word_1_98' title='bbox 512 1934 729 2013; x_wconf 80' lang='lat' dir='ltr'><strong>credidistis3</strong></span> <span class='ocrx_word' id='word_1_99' title='bbox 762 1943 808 2012; x_wconf 91' lang='lat' dir='ltr'><strong>et,</strong></span> <span class='ocrx_word' id='word_1_100' title='bbox 832 1937 914 2018; x_wconf 89' lang='lat' dir='ltr'><strong>quia</strong></span> <span class='ocrx_word' id='word_1_101' title='bbox 936 1944 1092 1999; x_wconf 86' lang='lat' dir='ltr'><strong>sanctum</strong></span> 
     </span>
     <span class='ocr_line' id='line_1_16' title="bbox 144 2031 1094 2117; baseline 0.006 -24"><span class='ocrx_word' id='word_1_102' title='bbox 144 2031 232 2094; x_wconf 91' lang='lat' dir='ltr'><strong>diem</strong></span> <span class='ocrx_word' id='word_1_103' title='bbox 252 2033 469 2096; x_wconf 90' lang='lat' dir='ltr'><strong>Dominieum</strong></span> <span class='ocrx_word' id='word_1_104' title='bbox 488 2052 557 2097; x_wconf 91' lang='lat' dir='ltr'><strong>non</strong></span> <span class='ocrx_word' id='word_1_105' title='bbox 573 2034 786 2111; x_wconf 89' lang='lat' dir='ltr'><strong>custodistis,</strong></span> <span class='ocrx_word' id='word_1_106' title='bbox 797 2055 859 2117; x_wconf 89' lang='lat' dir='ltr'><strong>per</strong></span> <span class='ocrx_word' id='word_1_107' title='bbox 874 2054 1002 2117; x_wconf 89' lang='lat' dir='ltr'><strong>paucos</strong></span> <span class='ocrx_word' id='word_1_108' title='bbox 1021 2035 1094 2099; x_wconf 91' lang='lat' dir='ltr'><strong>dies</strong></span> 
     </span>
     <span class='ocr_line' id='line_1_17' title="bbox 144 2130 1093 2211; baseline 0.003 -18"><span class='ocrx_word' id='word_1_109' title='bbox 144 2130 312 2195; x_wconf 90' lang='lat' dir='ltr'><strong>habuistis</strong></span> <span class='ocrx_word' id='word_1_110' title='bbox 330 2132 468 2208; x_wconf 86' lang='lat' dir='ltr'><strong>samem,</strong></span> <span class='ocrx_word' id='word_1_111' title='bbox 484 2133 544 2195; x_wconf 92' lang='lat' dir='ltr'><strong>sed</strong></span> <span class='ocrx_word' id='word_1_112' title='bbox 561 2134 630 2197; x_wconf 90' lang='lat' dir='ltr'><strong>cito</strong></span> <span class='ocrx_word' id='word_1_113' title='bbox 649 2133 726 2197; x_wconf 91' lang='lat' dir='ltr'><strong>dedi</strong></span> <span class='ocrx_word' id='word_1_114' title='bbox 744 2135 841 2197; x_wconf 90' lang='lat' dir='ltr'><strong>vobis</strong></span> <span class='ocrx_word' id='word_1_115' title='bbox 862 2135 1093 2211; x_wconf 90' lang='lat' dir='ltr'><strong>saturitatem,</strong></span> 
     </span>
     <span class='ocr_line' id='line_1_18' title="bbox 143 2231 1093 2315; baseline 0.005 -22"><span class='ocrx_word' id='word_1_116' title='bbox 143 2238 179 2294; x_wconf 91' lang='lat' dir='ltr'><strong>et</strong></span> <span class='ocrx_word' id='word_1_117' title='bbox 191 2240 314 2312; x_wconf 87' lang='lat' dir='ltr'><strong>postea</strong></span> <span class='ocrx_word' id='word_1_118' title='bbox 331 2232 429 2315; x_wconf 87' lang='lat' dir='ltr'><strong>pejus</strong></span> <span class='ocrx_word' id='word_1_119' title='bbox 447 2231 589 2295; x_wconf 86' lang='lat' dir='ltr'><strong>fecistis.</strong></span> <span class='ocrx_word' id='word_1_120' title='bbox 643 2232 734 2296; x_wconf 88' lang='lat' dir='ltr'><strong>Volo</strong></span> <span class='ocrx_word' id='word_1_121' title='bbox 748 2253 842 2315; x_wconf 83' lang='lat' dir='ltr'><strong>ergo,</strong></span> <span class='ocrx_word' id='word_1_122' title='bbox 867 2242 905 2297; x_wconf 90' lang='lat' dir='ltr'><strong>ut</strong></span> <span class='ocrx_word' id='word_1_123' title='bbox 927 2254 1027 2297; x_wconf 91' lang='lat' dir='ltr'><strong>nemo</strong></span> <span class='ocrx_word' id='word_1_124' title='bbox 1050 2236 1093 2298; x_wconf 91' lang='lat' dir='ltr'><strong>ab</strong></span> 
     </span>
     <span class='ocr_line' id='line_1_19' title="bbox 144 2329 1093 2415; baseline 0.006 -24"><span class='ocrx_word' id='word_1_125' title='bbox 144 2329 230 2392; x_wconf 88' lang='lat' dir='ltr'><strong>hora</strong></span> <span class='ocrx_word' id='word_1_126' title='bbox 260 2350 351 2394; x_wconf 91' lang='lat' dir='ltr'><strong>nona</strong></span> <span class='ocrx_word' id='word_1_127' title='bbox 380 2332 516 2395; x_wconf 90' lang='lat' dir='ltr'><strong>sabbati</strong></span> <span class='ocrx_word' id='word_1_128' title='bbox 549 2351 659 2413; x_wconf 89' lang='lat' dir='ltr'><strong>usque</strong></span> <span class='ocrx_word' id='word_1_129' title='bbox 688 2332 731 2395; x_wconf 91' lang='lat' dir='ltr'><strong>ad</strong></span> <span class='ocrx_word' id='word_1_130' title='bbox 759 2333 865 2396; x_wconf 89' lang='lat' dir='ltr'><strong>solem</strong></span> <span class='ocrx_word' id='word_1_131' title='bbox 895 2342 1093 2415; x_wconf 84' lang='lat' dir='ltr'><strong>surgentem</strong></span> 
     </span>
     <span class='ocr_line' id='line_1_20' title="bbox 144 2429 1093 2513; baseline 0.004 -22"><span class='ocrx_word' id='word_1_132' title='bbox 144 2429 212 2492; x_wconf 89' lang='lat' dir='ltr'><strong>diei</strong></span> <span class='ocrx_word' id='word_1_133' title='bbox 229 2429 337 2493; x_wconf 88' lang='lat' dir='ltr'><strong>Lunae</strong></span> <span class='ocrx_word' id='word_1_134' title='bbox 354 2430 483 2511; x_wconf 89' lang='lat' dir='ltr'><strong>aliquid</strong></span> <span class='ocrx_word' id='word_1_135' title='bbox 500 2438 674 2513; x_wconf 87' lang='lat' dir='ltr'><strong>operetur,</strong></span> <span class='ocrx_word' id='word_1_136' title='bbox 692 2432 758 2494; x_wconf 91' lang='lat' dir='ltr'><strong>nisi</strong></span> <span class='ocrx_word' id='word_1_137' title='bbox 775 2431 866 2513; x_wconf 89' lang='lat' dir='ltr'><strong>quod</strong></span> <span class='ocrx_word' id='word_1_138' title='bbox 890 2433 936 2495; x_wconf 93' lang='lat' dir='ltr'><strong>sit</strong></span> <span class='ocrx_word' id='word_1_139' title='bbox 953 2434 1093 2510; x_wconf 93' lang='lat' dir='ltr'><strong>bonum,</strong></span> 
     </span>
     <span class='ocr_line' id='line_1_21' title="bbox 144 2528 1093 2611; baseline 0.002 -19"><span class='ocrx_word' id='word_1_140' title='bbox 144 2536 191 2605; x_wconf 90' lang='lat' dir='ltr'><strong>et,</strong></span> <span class='ocrx_word' id='word_1_141' title='bbox 208 2530 237 2592; x_wconf 90' lang='lat' dir='ltr'><strong>si</strong></span> <span class='ocrx_word' id='word_1_142' title='bbox 261 2530 338 2611; x_wconf 88' lang='lat' dir='ltr'><strong>quis</strong></span> <span class='ocrx_word' id='word_1_143' title='bbox 360 2528 491 2606; x_wconf 88' lang='lat' dir='ltr'><strong>fecerit,</strong></span> <span class='ocrx_word' id='word_1_144' title='bbox 514 2549 591 2592; x_wconf 91' lang='lat' dir='ltr'><strong>cum</strong></span> <span class='ocrx_word' id='word_1_145' title='bbox 615 2531 819 2611; x_wconf 90' lang='lat' dir='ltr'><strong>poenitentia</strong></span> <span class='ocrx_word' id='word_1_146' title='bbox 840 2531 1021 2608; x_wconf 80' lang='lat' dir='ltr'><strong>emendet3</strong></span> <span class='ocrx_word' id='word_1_147' title='bbox 1047 2539 1093 2605; x_wconf 88' lang='lat' dir='ltr'><strong>et,</strong></span> 
     </span>
     <span class='ocr_line' id='line_1_22' title="bbox 144 2628 1093 2704; baseline 0.003 -14"><span class='ocrx_word' id='word_1_148' title='bbox 144 2628 174 2690; x_wconf 91' lang='lat' dir='ltr'><strong>si</strong></span> <span class='ocrx_word' id='word_1_149' title='bbox 190 2628 270 2691; x_wconf 87' lang='lat' dir='ltr'><strong>huic</strong></span> <span class='ocrx_word' id='word_1_150' title='bbox 286 2628 450 2692; x_wconf 87' lang='lat' dir='ltr'><strong>mandato</strong></span> <span class='ocrx_word' id='word_1_151' title='bbox 467 2649 544 2692; x_wconf 90' lang='lat' dir='ltr'><strong>meo</strong></span> <span class='ocrx_word' id='word_1_152' title='bbox 567 2650 634 2693; x_wconf 92' lang='lat' dir='ltr'><strong>non</strong></span> <span class='ocrx_word' id='word_1_153' title='bbox 659 2629 870 2704; x_wconf 88' lang='lat' dir='ltr'><strong>obedieritis,</strong></span> <span class='ocrx_word' id='word_1_154' title='bbox 887 2629 999 2693; x_wconf 87' lang='lat' dir='ltr'><strong>Amen</strong></span> <span class='ocrx_word' id='word_1_155' title='bbox 1016 2629 1093 2693; x_wconf 88' lang='lat' dir='ltr'><strong>dico</strong></span> 
     </span>
     <span class='ocr_line' id='line_1_23' title="bbox 144 2727 1092 2811; baseline 0 -20"><span class='ocrx_word' id='word_1_156' title='bbox 144 2729 255 2805; x_wconf 86' lang='lat' dir='ltr'><strong>vobis,</strong></span> <span class='ocrx_word' id='word_1_157' title='bbox 271 2736 306 2791; x_wconf 90' lang='lat' dir='ltr'><strong>et</strong></span> <span class='ocrx_word' id='word_1_158' title='bbox 323 2728 405 2811; x_wconf 92' lang='lat' dir='ltr'><strong>jnro</strong></span> <span class='ocrx_word' id='word_1_159' title='bbox 423 2728 520 2792; x_wconf 85' lang='lat' dir='ltr'><strong>vobis</strong></span> <span class='ocrx_word' id='word_1_160' title='bbox 539 2748 600 2810; x_wconf 87' lang='lat' dir='ltr'><strong>per</strong></span> <span class='ocrx_word' id='word_1_161' title='bbox 617 2727 732 2791; x_wconf 88' lang='lat' dir='ltr'><strong>sedern</strong></span> <span class='ocrx_word' id='word_1_162' title='bbox 752 2747 862 2790; x_wconf 91' lang='lat' dir='ltr'><strong>meam</strong></span> <span class='ocrx_word' id='word_1_163' title='bbox 878 2736 913 2791; x_wconf 91' lang='lat' dir='ltr'><strong>et</strong></span> <span class='ocrx_word' id='word_1_164' title='bbox 932 2727 1092 2791; x_wconf 90' lang='lat' dir='ltr'><strong>thronum</strong></span> 
     </span>
     <span class='ocr_line' id='line_1_24' title="bbox 143 2826 1092 2909; baseline 0 -19"><span class='ocrx_word' id='word_1_165' title='bbox 143 2847 258 2890; x_wconf 89' lang='lat' dir='ltr'><strong>meum</strong></span> <span class='ocrx_word' id='word_1_166' title='bbox 276 2835 312 2890; x_wconf 91' lang='lat' dir='ltr'><strong>et</strong></span> <span class='ocrx_word' id='word_1_167' title='bbox 325 2827 501 2904; x_wconf 89' lang='lat' dir='ltr'><strong>cherubin,</strong></span> <span class='ocrx_word' id='word_1_168' title='bbox 514 2829 573 2909; x_wconf 93' lang='lat' dir='ltr'><strong>qui</strong></span> <span class='ocrx_word' id='word_1_169' title='bbox 590 2827 789 2890; x_wconf 90' lang='lat' dir='ltr'><strong>custodiunt</strong></span> <span class='ocrx_word' id='word_1_170' title='bbox 806 2834 962 2890; x_wconf 88' lang='lat' dir='ltr'><strong>sanctam</strong></span> <span class='ocrx_word' id='word_1_171' title='bbox 977 2826 1092 2890; x_wconf 89' lang='lat' dir='ltr'><strong>sedem</strong></span> 
     </span>
     <span class='ocr_line' id='line_1_25' title="bbox 146 2925 1093 3009; baseline -0.001 -20"><span class='ocrx_word' id='word_1_172' title='bbox 146 2946 269 3003; x_wconf 87' lang='lat' dir='ltr'><strong>meam,</strong></span> <span class='ocrx_word' id='word_1_173' title='bbox 290 2927 373 3008; x_wconf 89' lang='lat' dir='ltr'><strong>quia</strong></span> <span class='ocrx_word' id='word_1_174' title='bbox 391 2946 459 2990; x_wconf 91' lang='lat' dir='ltr'><strong>non</strong></span> <span class='ocrx_word' id='word_1_175' title='bbox 485 2926 656 2990; x_wconf 90' lang='lat' dir='ltr'><strong>mandabo</strong></span> <span class='ocrx_word' id='word_1_176' title='bbox 674 2927 771 2990; x_wconf 88' lang='lat' dir='ltr'><strong>vobis</strong></span> <span class='ocrx_word' id='word_1_177' title='bbox 794 2926 923 3009; x_wconf 89' lang='lat' dir='ltr'><strong>aliquid</strong></span> <span class='ocrx_word' id='word_1_178' title='bbox 946 2945 1008 3008; x_wconf 88' lang='lat' dir='ltr'><strong>per</strong></span> <span class='ocrx_word' id='word_1_179' title='bbox 1033 2925 1093 2989; x_wconf 91' lang='lat' dir='ltr'><strong>ali-</strong></span> 
     </span>
     <span class='ocr_line' id='line_1_26' title="bbox 145 3025 1094 3108; baseline 0 -19"><span class='ocrx_word' id='word_1_180' title='bbox 145 3046 200 3089; x_wconf 89' lang='lat' dir='ltr'><strong>am</strong></span> <span class='ocrx_word' id='word_1_181' title='bbox 222 3026 415 3108; x_wconf 89' lang='lat' dir='ltr'><strong>epistolam,</strong></span> <span class='ocrx_word' id='word_1_182' title='bbox 438 3026 497 3089; x_wconf 92' lang='lat' dir='ltr'><strong>sed</strong></span> <span class='ocrx_word' id='word_1_183' title='bbox 523 3026 674 3107; x_wconf 90' lang='lat' dir='ltr'><strong>aperiam</strong></span> <span class='ocrx_word' id='word_1_184' title='bbox 698 3027 813 3102; x_wconf 85' lang='lat' dir='ltr'><strong>caelos,</strong></span> <span class='ocrx_word' id='word_1_185' title='bbox 836 3034 869 3089; x_wconf 89' lang='lat' dir='ltr'><strong>et</strong></span> <span class='ocrx_word' id='word_1_186' title='bbox 888 3045 951 3107; x_wconf 90' lang='lat' dir='ltr'><strong>pro</strong></span> <span class='ocrx_word' id='word_1_187' title='bbox 975 3025 1094 3108; x_wconf 86' lang='lat' dir='ltr'><strong>pluvia</strong></span> 
     </span>
     <span class='ocr_line' id='line_1_27' title="bbox 143 3125 1093 3208; baseline 0 -20"><span class='ocrx_word' id='word_1_188' title='bbox 143 3127 259 3208; x_wconf 89' lang='lat' dir='ltr'><strong>pluam</strong></span> <span class='ocrx_word' id='word_1_189' title='bbox 276 3144 380 3207; x_wconf 89' lang='lat' dir='ltr'><strong>super</strong></span> <span class='ocrx_word' id='word_1_190' title='bbox 398 3144 459 3188; x_wconf 91' lang='lat' dir='ltr'><strong>vos</strong></span> <span class='ocrx_word' id='word_1_191' title='bbox 481 3125 614 3207; x_wconf 89' lang='lat' dir='ltr'><strong>lapides</strong></span> <span class='ocrx_word' id='word_1_192' title='bbox 632 3133 668 3188; x_wconf 89' lang='lat' dir='ltr'><strong>et</strong></span> <span class='ocrx_word' id='word_1_193' title='bbox 682 3126 778 3207; x_wconf 84' lang='lat' dir='ltr'><strong>ligna</strong></span> <span class='ocrx_word' id='word_1_194' title='bbox 801 3133 836 3189; x_wconf 89' lang='lat' dir='ltr'><strong>et</strong></span> <span class='ocrx_word' id='word_1_195' title='bbox 860 3144 986 3207; x_wconf 83' lang='lat' dir='ltr'><strong>aquarn</strong></span> <span class='ocrx_word' id='word_1_196' title='bbox 1009 3125 1093 3188; x_wconf 89' lang='lat' dir='ltr'><strong>cali-</strong></span> 
     </span>
     <span class='ocr_line' id='line_1_28' title="bbox 142 3225 1094 3307; baseline -0.001 -19"><span class='ocrx_word' id='word_1_197' title='bbox 142 3225 299 3306; x_wconf 88' lang='lat' dir='ltr'><strong>damper</strong></span> <span class='ocrx_word' id='word_1_198' title='bbox 316 3232 501 3300; x_wconf 86' lang='lat' dir='ltr'><strong>noctes,ut</strong></span> <span class='ocrx_word' id='word_1_199' title='bbox 523 3244 622 3288; x_wconf 92' lang='lat' dir='ltr'><strong>nemo</strong></span> <span class='ocrx_word' id='word_1_200' title='bbox 644 3244 840 3306; x_wconf 80' lang='lat' dir='ltr'><strong>praecavere</strong></span> <span class='ocrx_word' id='word_1_201' title='bbox 862 3226 984 3307; x_wconf 91' lang='lat' dir='ltr'><strong>possit,</strong></span> <span class='ocrx_word' id='word_1_202' title='bbox 1008 3244 1094 3306; x_wconf 92' lang='lat' dir='ltr'><strong>quo-</strong></span> 
     </span>
     <span class='ocr_line' id='line_1_29' title="bbox 142 3323 1093 3389; baseline 0 -3"><span class='ocrx_word' id='word_1_203' title='bbox 142 3324 234 3386; x_wconf 89' lang='lat' dir='ltr'><strong>niam</strong></span> <span class='ocrx_word' id='word_1_204' title='bbox 253 3323 428 3387; x_wconf 88' lang='lat' dir='ltr'><strong>destruam</strong></span> <span class='ocrx_word' id='word_1_205' title='bbox 443 3343 561 3386; x_wconf 90' lang='lat' dir='ltr'><strong>omnes</strong></span> <span class='ocrx_word' id='word_1_206' title='bbox 576 3323 731 3386; x_wconf 88' lang='lat' dir='ltr'><strong>homines</strong></span> <span class='ocrx_word' id='word_1_207' title='bbox 747 3324 868 3387; x_wconf 75' lang='lat' dir='ltr'><strong>malos,</strong></span> <span class='ocrx_word' id='word_1_208' title='bbox 924 3324 1002 3389; x_wconf 90' lang='lat' dir='ltr'><strong>Hoc</strong></span> <span class='ocrx_word' id='word_1_209' title='bbox 1017 3324 1093 3387; x_wconf 88' lang='lat' dir='ltr'><strong>dieo</strong></span> 
     </span>
     <span class='ocr_line' id='line_1_30' title="bbox 143 3422 1092 3504; baseline 0 -18"><span class='ocrx_word' id='word_1_210' title='bbox 143 3423 255 3500; x_wconf 89' lang='lat' dir='ltr'><strong>vobis,</strong></span> <span class='ocrx_word' id='word_1_211' title='bbox 272 3422 388 3486; x_wconf 91' lang='lat' dir='ltr'><strong>Morte</strong></span> <span class='ocrx_word' id='word_1_212' title='bbox 404 3423 595 3486; x_wconf 89' lang='lat' dir='ltr'><strong>moriemini</strong></span> <span class='ocrx_word' id='word_1_213' title='bbox 617 3431 759 3504; x_wconf 91' lang='lat' dir='ltr'><strong>propter</strong></span> <span class='ocrx_word' id='word_1_214' title='bbox 770 3423 858 3486; x_wconf 88' lang='lat' dir='ltr'><strong>diem</strong></span> <span class='ocrx_word' id='word_1_215' title='bbox 873 3422 1092 3487; x_wconf 88' lang='lat' dir='ltr'><strong>Dominieum</strong></span> 
     </span>
     <span class='ocr_line' id='line_1_31' title="bbox 142 3521 1094 3596; baseline 0.001 -12"><span class='ocrx_word' id='word_1_216' title='bbox 142 3531 301 3586; x_wconf 88' lang='lat' dir='ltr'><strong>sanctum</strong></span> <span class='ocrx_word' id='word_1_217' title='bbox 317 3530 353 3585; x_wconf 88' lang='lat' dir='ltr'><strong>et</strong></span> <span class='ocrx_word' id='word_1_218' title='bbox 370 3521 456 3585; x_wconf 89' lang='lat' dir='ltr'><strong>alias</strong></span> <span class='ocrx_word' id='word_1_219' title='bbox 480 3521 686 3585; x_wconf 83' lang='lat' dir='ltr'><strong>festivitates</strong></span> <span class='ocrx_word' id='word_1_220' title='bbox 708 3530 908 3587; x_wconf 84' lang='lat' dir='ltr'><strong>sanctorum</strong></span> <span class='ocrx_word' id='word_1_221' title='bbox 928 3539 1094 3596; x_wconf 88' lang='lat' dir='ltr'><strong>meorum,</strong></span> 
     </span>
     <span class='ocr_line' id='line_1_32' title="bbox 142 3617 1093 3703; baseline -0.004 -19"><span class='ocrx_word' id='word_1_222' title='bbox 142 3641 230 3703; x_wconf 90' lang='lat' dir='ltr'><strong>quas</strong></span> <span class='ocrx_word' id='word_1_223' title='bbox 246 3641 314 3684; x_wconf 94' lang='lat' dir='ltr'><strong>non</strong></span> <span class='ocrx_word' id='word_1_224' title='bbox 331 3621 543 3685; x_wconf 84' lang='lat' dir='ltr'><strong>custodistis.</strong></span> <span class='ocrx_word' id='word_1_225' title='bbox 597 3620 737 3684; x_wconf 88' lang='lat' dir='ltr'><strong>Mittam</strong></span> <span class='ocrx_word' id='word_1_226' title='bbox 761 3621 859 3684; x_wconf 85' lang='lat' dir='ltr'><strong>vobis</strong></span> <span class='ocrx_word' id='word_1_227' title='bbox 881 3619 1010 3683; x_wconf 86' lang='lat' dir='ltr'><strong>bestias</strong></span> <span class='ocrx_word' id='word_1_228' title='bbox 1033 3617 1093 3680; x_wconf 83' lang='lat' dir='ltr'><strong>ha-</strong></span> 
     </span>
     <span class='ocr_line' id='line_1_33' title="bbox 143 3720 1094 3802; baseline -0.004 -19"><span class='ocrx_word' id='word_1_229' title='bbox 143 3722 265 3783; x_wconf 88' lang='lat' dir='ltr'><strong>bentes</strong></span> <span class='ocrx_word' id='word_1_230' title='bbox 283 3722 400 3802; x_wconf 89' lang='lat' dir='ltr'><strong>capita</strong></span> <span class='ocrx_word' id='word_1_231' title='bbox 416 3721 567 3797; x_wconf 88' lang='lat' dir='ltr'><strong>leonum,</strong></span> <span class='ocrx_word' id='word_1_232' title='bbox 584 3720 730 3801; x_wconf 85' lang='lat' dir='ltr'><strong>capillos</strong></span> <span class='ocrx_word' id='word_1_233' title='bbox 751 3720 931 3782; x_wconf 88' lang='lat' dir='ltr'><strong>mulierum</strong></span> <span class='ocrx_word' id='word_1_234' title='bbox 956 3725 991 3780; x_wconf 94' lang='lat' dir='ltr'><strong>et</strong></span> <span class='ocrx_word' id='word_1_235' title='bbox 1015 3737 1094 3780; x_wconf 91' lang='lat' dir='ltr'><strong>cau-</strong></span> 
     </span>
     <span class='ocr_line' id='line_1_34' title="bbox 142 3817 1093 3898; baseline -0.006 -15"><span class='ocrx_word' id='word_1_236' title='bbox 142 3821 204 3883; x_wconf 85' lang='lat' dir='ltr'><strong>das</strong></span> <span class='ocrx_word' id='word_1_237' title='bbox 227 3820 448 3895; x_wconf 88' lang='lat' dir='ltr'><strong>camelorum,</strong></span> <span class='ocrx_word' id='word_1_238' title='bbox 470 3820 569 3883; x_wconf 88' lang='lat' dir='ltr'><strong>etita</strong></span> <span class='ocrx_word' id='word_1_239' title='bbox 593 3819 760 3882; x_wconf 61' lang='lat' dir='ltr'><strong>famelicae</strong></span> <span class='ocrx_word' id='word_1_240' title='bbox 778 3825 892 3893; x_wconf 93' lang='lat' dir='ltr'><strong>erunt,</strong></span> <span class='ocrx_word' id='word_1_241' title='bbox 909 3817 1000 3898; x_wconf 91' lang='lat' dir='ltr'><strong>quod</strong></span> <span class='ocrx_word' id='word_1_242' title='bbox 1016 3835 1093 3879; x_wconf 91' lang='lat' dir='ltr'><strong>car-</strong></span> 
     </span>
     <span class='ocr_line' id='line_1_35' title="bbox 140 3915 1094 3994; baseline -0.006 -12"><span class='ocrx_word' id='word_1_243' title='bbox 140 3938 203 3982; x_wconf 89' lang='lat' dir='ltr'><strong>nes</strong></span> <span class='ocrx_word' id='word_1_244' title='bbox 226 3927 360 3983; x_wconf 88' lang='lat' dir='ltr'><strong>vestras</strong></span> <span class='ocrx_word' id='word_1_245' title='bbox 386 3920 616 3994; x_wconf 90' lang='lat' dir='ltr'><strong>devorabunt,</strong></span> <span class='ocrx_word' id='word_1_246' title='bbox 638 3926 673 3981; x_wconf 88' lang='lat' dir='ltr'><strong>et</strong></span> <span class='ocrx_word' id='word_1_247' title='bbox 696 3938 758 3981; x_wconf 90' lang='lat' dir='ltr'><strong>vos</strong></span> <span class='ocrx_word' id='word_1_248' title='bbox 780 3916 1018 3980; x_wconf 88' lang='lat' dir='ltr'><strong>desiderabitis</strong></span> <span class='ocrx_word' id='word_1_249' title='bbox 1041 3915 1094 3977; x_wconf 82' lang='lat' dir='ltr'><strong>ln-</strong></span> 
     </span>
     <span class='ocr_line' id='line_1_36' title="bbox 140 4014 1094 4100; baseline -0.006 -18"><span class='ocrx_word' id='word_1_250' title='bbox 140 4038 223 4100; x_wconf 78' lang='lat' dir='ltr'><strong>gere</strong></span> <span class='ocrx_word' id='word_1_251' title='bbox 239 4019 281 4082; x_wconf 92' lang='lat' dir='ltr'><strong>ad</strong></span> <span class='ocrx_word' id='word_1_252' title='bbox 305 4018 489 4100; x_wconf 84' lang='lat' dir='ltr'><strong>sepulchra</strong></span> <span class='ocrx_word' id='word_1_253' title='bbox 512 4025 722 4082; x_wconf 89' lang='lat' dir='ltr'><strong>mortuorum</strong></span> <span class='ocrx_word' id='word_1_254' title='bbox 747 4025 782 4080; x_wconf 92' lang='lat' dir='ltr'><strong>et</strong></span> <span class='ocrx_word' id='word_1_255' title='bbox 805 4014 1016 4081; x_wconf 88' lang='lat' dir='ltr'><strong>abscondere</strong></span> <span class='ocrx_word' id='word_1_256' title='bbox 1032 4034 1094 4076; x_wconf 90' lang='lat' dir='ltr'><strong>vos</strong></span> 
     </span>
     <span class='ocr_line' id='line_1_37' title="bbox 139 4112 1095 4200; baseline -0.006 -19"><span class='ocrx_word' id='word_1_257' title='bbox 139 4126 283 4200; x_wconf 89' lang='lat' dir='ltr'><strong>propter</strong></span> <span class='ocrx_word' id='word_1_258' title='bbox 298 4126 425 4181; x_wconf 93' lang='lat' dir='ltr'><strong>metum</strong></span> <span class='ocrx_word' id='word_1_259' title='bbox 452 4118 661 4191; x_wconf 80' lang='lat' dir='ltr'><strong>bestiarum3</strong></span> <span class='ocrx_word' id='word_1_260' title='bbox 686 4123 721 4179; x_wconf 91' lang='lat' dir='ltr'><strong>ct</strong></span> <span class='ocrx_word' id='word_1_261' title='bbox 740 4115 858 4178; x_wconf 88' lang='lat' dir='ltr'><strong>tollam</strong></span> <span class='ocrx_word' id='word_1_262' title='bbox 878 4115 993 4179; x_wconf 88' lang='lat' dir='ltr'><strong>lumen</strong></span> <span class='ocrx_word' id='word_1_263' title='bbox 1011 4112 1095 4177; x_wconf 85' lang='lat' dir='ltr'><strong>solis</strong></span> 
     </span>
    </p>
   </div>
   <div class='ocr_carea' id='block_1_3' title="bbox 389 4264 820 4336">
    <p class='ocr_par' dir='ltr' id='par_1_3' title="bbox 389 4264 820 4336">
     <span class='ocr_line' id='line_1_38' title="bbox 389 4264 820 4336; baseline -0.007 -18"><span class='ocrx_word' id='word_1_264' title='bbox 389 4267 395 4297; x_wconf 90' lang='lat'><strong>¹</strong></span> <span class='ocrx_word' id='word_1_265' title='bbox 406 4264 565 4336; x_wconf 67' lang='lat' dir='ltr'><strong>Zachariae]</strong></span> <span class='ocrx_word' id='word_1_266' title='bbox 584 4267 742 4318; x_wconf 79' lang='lat' dir='ltr'><strong>‘Aebutius&#39;</strong></span> <span class='ocrx_word' id='word_1_267' title='bbox 753 4267 779 4315; x_wconf 93' lang='lat' dir='ltr'><strong>in</strong></span> <span class='ocrx_word' id='word_1_268' title='bbox 790 4268 820 4316; x_wconf 86' lang='lat' dir='ltr'><strong>C.</strong></span> 
     </span>
    </p>
   </div>
   <div class='ocr_carea' id='block_1_4' title="bbox 0 0 1490 5016">
    <p class='ocr_par' dir='ltr' id='par_1_4' title="bbox 0 0 1490 5016">
     <span class='ocr_line' id='line_1_39' title="bbox 0 0 1490 5016; baseline 0 0"><span class='ocrx_word' id='word_1_269' title='bbox 0 0 1490 5016; x_wconf 95' lang='lat' dir='ltr'><strong> </strong></span> 
     </span>
    </p>
   </div>
  </div>
 </body>
</html>
