2970 5016
346 421 388 484 lo
596 435 730 482 nocam
755 435 802 481 nn
828 433 1033 481 wannovnn

184 608 306 648 anaia.
346 589 449 670 regis,
468 608 546 671 quae
569 583 763 669 ¹Segesleld
787 589 995 671 appellatur,
1018 608 1096 652 cnm
1115 604 1298 674 wapentac

346 697 380 751 et
396 690 553 751 omnibus
571 688 787 770 pertinentiis
803 689 888 764 suis,
906 708 947 751 ac
967 687 1298 755 Northanhumbriae

345 787 547 852 comitatum
567 789 602 850 in
628 787 701 850 vita
727 807 802 863 sua,
823 787 882 868 qui
905 806 927 850 a
950 807 1031 867 rege
1051 788 1168 868 gladio
1191 793 1299 854 comi·

345 893 441 949 tatus
470 887 646 950 accinctus
672 905 796 949 nomen
828 886 894 948 sibi
922 887 1057 950 comitis
1087 891 1296 970 usurpavit3

345 978 433 1067 quo²
448 985 566 1066 gladio
583 986 752 1061 accincto,
769 1004 831 1048 rex
848 1005 925 1047 cum
941 985 1110 1050 cachinno
1127 987 1298 1052 adstanti·

345 1084 410 1147 bus
432 1085 534 1160 dixit,
560 1084 756 1148 ‘Juvenem
783 1084 848 1146 feci
874 1085 1035 1148 comitem
1061 1085 1103 1149 de
1133 1087 1296 1169 episcopo

346 1183 535 1247 veteran0.’
574 1183 730 1246 Tandem
748 1203 831 1247 vero
849 1184 892 1245 ad
910 1184 1086 1247 cumulum
1103 1186 1298 1250 subsanna·

347 1282 450 1345 tionis
471 1282 565 1347 dedit
584 1284 695 1345 eidem
719 1283 792 1362 regi
814 1281 907 1345 mille
930 1301 1064 1346 marcas
1087 1285 1234 1364 argenti,
1255 1294 1295 1350 ut

346 1389 438 1444 esset
456 1382 673 1463 justiciarius
698 1380 836 1462 Angliae
858 1388 893 1444 et
916 1388 955 1443 ut
978 1382 1168 1445 abitinere
1191 1391 1294 1448 terrae

345 1488 476 1544 sanctae
502 1488 704 1556 remaneret,
730 1489 774 1556 et,
803 1499 845 1542 ne
875 1500 897 1542 a
926 1469 1101 1562 quoquam
1133 1481 1294 1564 redargui

345 1589 474 1660 posset,
494 1579 577 1643 data
599 1579 745 1661 pecunia
769 1579 916 1655 infinita,
939 1599 961 1641 a
983 1580 1063 1642 sede
1092 1581 1294 1660 apostolica,

259 1710 267 1725 ·
345 1698 424 1759 quae
441 1678 527 1741 nulli
541 1679 649 1754 deest,
665 1679 864 1759 impetravit
881 1677 1056 1741 licentiam
1073 1679 1292 1759 remanendi3

345 1777 464 1858 sicque
480 1796 614 1840 crucem
630 1777 849 1840 Dominicam
865 1784 1079 1841 terrenarum
1094 1778 1225 1841 ambitu
1242 1798 1293 1841 re·

346 1895 418 1937 rum
437 1875 599 1940 seductus
613 1877 785 1958 deposuit,
799 1896 878 1958 quae
894 1877 1053 1940 omnibus
1068 1884 1104 1940 et
1120 1878 1294 1958 praecipue

182 1993 323 2081 }‘⁰l¹⁰⁰'⁰‘
345 1976 515 2056 episcopis
538 1976 707 2056 portanda
728 1975 948 2057 praedicatur.
1003 1975 1046 2038 In
1067 1975 1132 2039 hoc
1155 1995 1292 2058 quoque

181 2054 276 2132 tharith.
344 2074 497 2156 episcopi
526 2073 618 2138 sacto
640 2076 735 2138 venit
765 2076 802 2137 in
828 2075 940 2138 lucem
970 2075 1152 2157 prophetia
1179 2077 1291 2139 sancti

345 2171 487 2235 Godrici
518 2173 705 2249 heremitae,
734 2173 793 2255 qui
824 2173 934 2236 eidem
963 2174 1125 2256 episcopo
1153 2175 1188 2237 in
1219 2194 1292 2237 suae

343 2272 569 2353 promotionis
594 2272 694 2335 initio
721 2271 764 2335 ad
792 2291 829 2335 se
852 2273 1017 2347 venienti,
1039 2272 1083 2335 de
1096 2280 1202 2336 ‘statu
1228 2293 1292 2337 suo

344 2369 460 2434 suturo
491 2378 527 2434 et
552 2371 633 2434 vitae
663 2391 736 2434 suae
764 2371 989 2451 longaevitate
1015 2372 1195 2452 quaerenti,
1221 2371 1291 2435 tale

343 2469 451 2533 fertur
470 2469 604 2533 dedisse
626 2489 850 2551 responsum3
875 2470 959 2532 ‘De
980 2477 1076 2533 statu
1096 2479 1212 2534 vestro
1237 2469 1292 2533 su-

344 2568 446 2645 turo,’
459 2568 583 2650 inquit,
597 2574 606 2602 ‘
620 2577 656 2632 et
669 2568 711 2631 de
726 2570 807 2632 vitae
822 2577 947 2632 vestrae
964 2569 1191 2633 diuturnitate
1207 2569 1291 2631 diffi-

343 2667 429 2744 nire,
444 2675 642 2732 sanctorum
664 2675 718 2730 est
736 2667 971 2750 apostolorum
989 2675 1025 2730 et
1044 2687 1162 2730 eorum
1179 2670 1293 2730 consi-

343 2768 485 2845 milium,
504 2775 540 2831 et
554 2786 622 2830 non
641 2786 767 2843 meum,
783 2767 865 2847 quia
888 2766 943 2829 hic
965 2785 1028 2848 pro
1047 2767 1198 2848 peccatis
1219 2787 1293 2847 poe·

342 2867 523 2930 nitentiam
546 2886 613 2946 ago
636 2873 671 2928 et
691 2866 804 2929 adhuc
823 2885 878 2928 me
897 2866 1057 2928 miserum
1078 2873 1113 2928 et
1131 2874 1292 2946 peccato·

344 2985 414 3027 rem
434 2985 510 3028 esse
531 2965 653 3042 doleo;
677 2964 738 3027 sed
759 2964 843 3028 illud
865 2966 963 3028 vohis
988 2965 1078 3041 dico,
1098 2964 1189 3046 quod
1210 2973 1291 3027 ante

342 3071 486 3126 mortem
509 3071 660 3126 vestram
691 3084 753 3146 per
781 3064 998 3143 septennium
1026 3063 1207 3127 dolendam
1237 3064 1291 3125 iu-

342 3181 459 3225 curres
475 3162 694 3225 coecitatem.’
746 3161 938 3243 Episcopus
958 3168 1075 3223 autem
1091 3181 1112 3224 a
1128 3162 1203 3224 viro
1225 3162 1291 3225 Dei

341 3262 504 3324 recedens
528 3263 656 3342 saepius
681 3261 717 3323 in
745 3260 859 3322 animo
884 3258 1033 3321 revolvit
1056 3278 1099 3321 ea
1122 3279 1200 3340 quae
1230 3280 1292 3323 au-

342 3359 441 3437 divit,
462 3369 508 3437 et,
527 3362 626 3442 quasi
650 3379 792 3424 securus
814 3358 857 3421 de
879 3358 980 3420 dictis
1000 3357 1111 3420 sancti
1135 3357 1290 3435 effectus,

342 3477 419 3521 cum
442 3460 594 3523 maxima
616 3458 847 3521 sollicitudine
869 3457 1078 3520 medicorum
1100 3456 1211 3520 oculis
1233 3458 1292 3521 de·

341 3557 459 3639 inceps
475 3559 642 3621 medelam
659 3556 826 3633 adhibuit,
842 3566 881 3620 ut
896 3557 974 3620 visu
990 3564 1026 3619 et
1040 3556 1113 3619 vita
1129 3556 1292 3619 diuturna

342 3656 533 3734 frueretur3
557 3657 616 3719 sed
636 3676 713 3720 cum
732 3655 920 3737 permulta
936 3674 1103 3718 annorum
1121 3655 1292 3718 curricula

341 3755 587 3831 invaletudine,
605 3775 675 3836 qua
690 3761 726 3817 et
739 3763 896 3817 mortuus
913 3762 977 3830 est,
993 3772 1133 3835 pressus
1145 3753 1291 3835 jaceret,

341 3860 377 3916 et
391 3874 413 3917 a
428 3853 568 3917 medicis
583 3854 666 3935 quid
685 3854 750 3916 sihi
772 3860 863 3917 esset
880 3852 1052 3934 agendum
1070 3852 1216 3916 sollicite
1239 3873 1292 3915 re-

340 3954 504 4033 quireret,
532 3953 685 4015 unanimi
710 3972 828 4016 omnes
853 3972 1021 4015 consensu
1047 3952 1209 4033 episcopo
1231 3951 1291 4014 de-

378 4127 559 4192 'Segeascld.]
587 4131 641 4178 The
664 4131 763 4179 chnrter
781 4131 803 4177 is
863 4126 940 4185 ²Qu0
949 4130 1034 4190 gladio
1050 4130 1189 4191 accincta]
1214 4130 1293 4178 New·

342 4198 441 4258 printed
453 4201 477 4248 in
491 4201 624 4260 Hoveden,
636 4215 661 4260 p.
671 4204 729 4249 658.
830 4199 921 4260 burgh,
932 4199 966 4246 iv.
977 4198 991 4259 ς
1003 4204 1028 4246 t.
