2970 5016
336 454 401 518 260
594 467 726 515 aocnru
752 467 799 513 nn
822 467 1029 514 wnuoovna

180 651 303 691 anum
342 626 500 692 venirent
529 629 565 690 in
592 624 770 708 Angliam,
802 625 917 688 omnia
943 644 1008 688 sua
1038 633 1073 688 et
1097 623 1293 688 ablatorum

343 727 471 790 damna
515 726 702 789 secundum
746 725 958 808 praescriptae
1006 724 1102 806 pacis
1148 723 1294 787 formam

184 846 299 887 mama·
343 826 436 889 illico
466 826 674 907 percepturi.
729 824 937 906 Pandulpho
966 823 1084 905 itaque
1109 823 1295 900 mediante,

181 896 312 995 'illaleh
344 924 547 988 necessariis
582 924 741 987 omnibus
779 923 823 986 ad
857 922 1115 1005 repatriandum
1150 923 1295 1004 paratis,

182 996 294 1095 hliil⁸¹
345 1024 573 1088 ascenderunt
591 1042 698 1086 naves
721 1022 932 1104 Stephanus,
954 1020 1217 1085 cantuariensis
1239 1041 1296 1085 ar-

183 1098 289 1196 ii'iii'nd
345 1124 595 1205 chiepiscopus,
609 1122 806 1186 Willelmus
824 1120 1065 1196 Londinensis,
1083 1120 1295 1183 Eustachius

286 1248 290 1255 ·
346 1222 507 1299 Eliensis,
525 1222 706 1285 Hubertus
725 1220 989 1296 LiucolnicusiS,
1007 1226 1042 1282 et
1055 1219 1203 1300 Egidius
1222 1219 1296 1283 He·

346 1320 553 1386 refordeusis
570 1321 735 1403 episcopi,
751 1340 829 1384 cum
846 1318 982 1383 caeteris
997 1319 1132 1383 clericis
1148 1327 1184 1382 et
1199 1320 1295 1383 laicis

346 1440 453 1485 causa
474 1420 649 1484 interdicti
670 1419 924 1495 exsulantibus,
941 1426 988 1495 et,
1005 1418 1096 1500 apud
1119 1419 1294 1482 Doveram

346 1520 479 1584 decimo
493 1520 640 1602 septimo
660 1517 827 1582 kalendas
843 1518 996 1599 Augusti
1014 1517 1244 1599 applicantes,
1260 1518 1293 1580 iu

347 1619 402 1682 die
434 1621 545 1683 beatoe
574 1619 784 1699 Margaretae
817 1617 961 1698 virginis
989 1616 1206 1681 Wintouiam
1236 1611 1294 1680 ¹ad

348 1738 461 1799 regem
479 1724 655 1782 venerunt.
692 1715 773 1780 Rex
790 1723 917 1792 autem,
936 1736 1014 1779 cum
1032 1716 1220 1780 adventum
1238 1736 1295 1779 eo·

348 1837 424 1880 rum
447 1817 680 1899 cognovisset,
698 1816 795 1880 veuit
815 1815 953 1879 obviam
973 1816 1053 1891 illis,
1076 1823 1124 1892 et,
1142 1815 1218 1879 viso
1241 1835 1295 1878 ar·

347 1917 565 1999 chiepiscopo
583 1924 617 1980 et
634 1915 817 1998 episcopis,
835 1915 960 1979 cecidit
970 1933 1099 1996 pronus
1116 1916 1294 1978 interram

347 2016 391 2079 ad
417 2016 521 2098 pedes
548 2034 677 2092 eorum,
705 2013 891 2097 lachrymis
922 2013 1072 2097 profusis
1099 2015 1295 2091 obsecrans,

348 2123 388 2177 ut
408 2114 450 2177 de
473 2134 511 2177 se
537 2134 579 2177 ac
602 2133 708 2194 regno
731 2112 871 2195 Angliae
896 2113 1166 2176 misericordiam
1192 2113 1294 2177 habe·

348 2219 436 2275 rent.
482 2212 651 2276 Videntes
675 2232 758 2292 ergo
783 2213 1061 2294 archiepiscopus
1086 2220 1122 2276 ct
1143 2212 1295 2295 episcopi

349 2319 482 2375 tautam
512 2311 603 2393 regis
626 2311 867 2387 humilitatem,
890 2331 967 2374 cum
993 2311 1180 2393 lachrymis
1200 2312 1295 2375 illum

348 2410 391 2474 de
422 2418 514 2475 terra
546 2411 762 2486 levaverunt,
796 2410 961 2475 ducentos
992 2429 1014 2474 a
1047 2410 1181 2474 dextris
1213 2417 1248 2474 et
1275 2430 1296 2474 a

348 2509 497 2574 sinistris
538 2510 582 2574 ad
625 2510 752 2573 ostium
794 2509 948 2574 ecclesiae
985 2509 1206 2588 cathedralis,
1240 2510 1298 2573 ubi

349 2629 425 2673 cum
451 2609 585 2692 psalmo
609 2610 908 2692 quinquagesimo,
934 2609 1130 2674 videntibus
1152 2629 1298 2691 magna·

350 2710 442 2773 tibus
465 2709 599 2773 cunctis
631 2716 666 2772 et
692 2708 840 2773 ubertim
869 2729 941 2790 prae
970 2709 1097 2790 gaudio
1124 2709 1298 2785 flentibus,

187 2826 332 2867 solamen
350 2809 440 2873 sicut
465 2828 540 2873 mos
568 2816 621 2872 est
645 2807 812 2885 ecclesiae,
839 2808 937 2871 illum
966 2807 1200 2873 absolverunt.
1254 2808 1297 2873 In

188 2877 326 2967 illidit·
351 2909 415 2971 hac
438 2916 554 2971 autem
574 2906 791 2971 absolutione
810 2906 945 2991 juravit
966 2927 1040 2985 rex,
1059 2908 1163 2972 tactis
1183 2926 1299 2972 sacro-

189 2981 228 3016 m'
350 3007 481 3070 sanctis
501 3005 702 3087 evangeliis,
721 3006 812 3088 quod
833 3014 990 3071 sanctam
1008 3007 1189 3071 ecclesiam
1207 3007 1299 3091 ejus-

351 3126 418 3187 que
438 3104 616 3168 ordinatos
638 3105 810 3187 diligeret,
830 3105 1029 3170 defenderet
1046 3114 1082 3170 et
1098 3114 1299 3171 manutene-

350 3212 403 3268 ret
428 3211 550 3268 contra
584 3223 702 3268 omnes
732 3206 949 3270 adversarios
981 3225 1064 3269 suos
1099 3227 1162 3288 pro
1197 3226 1299 3290 posse

350 3323 434 3381 suo;
459 3304 619 3386 quodque
636 3305 742 3368 bonas
760 3304 855 3386 leges
872 3313 1127 3369 autecessorum
1146 3326 1300 3383 suorum,

350 3411 385 3467 et
403 3403 577 3486 praecipue
599 3405 694 3485 leges
718 3404 901 3468 Eadwardi
926 3405 1029 3486 regis,
1053 3414 1244 3482 revocaret,
1267 3414 1300 3471 et

350 3503 488 3585 iniquas
505 3503 709 3579 destrueret,
727 3510 763 3567 et
776 3523 895 3568 omnes
909 3504 1065 3568 homines
1082 3524 1164 3568 suos
1181 3525 1299 3570 secun·

350 3603 431 3666 dum
449 3603 550 3687 justa
571 3602 675 3666 curiae
697 3621 770 3666 suae
785 3602 921 3687 judicia
937 3603 1124 3688 judicaret,
1140 3605 1300 3687 quodque

350 3702 497 3783 singulis
520 3701 677 3766 redderet
688 3702 770 3784 jura
792 3723 865 3767 sua.
919 3702 942 3766 J
946 3704 1062 3768 uravit
1079 3705 1185 3768 etiam
1209 3704 1299 3787 quod

350 3802 509 3865 omnibus
541 3800 585 3865 ad
611 3801 785 3865 interdicti
819 3803 997 3884 negotium
1025 3804 1300 3885 pertingentibus

386 4019 682 4094 ¹Adregemoeneraot.]
695 4025 813 4075 TheAn·
837 4027 948 4087 meeting
973 4024 1015 4074 the
1049 4025 1170 4087 prelatas,
1194 4025 1300 4087 wishing

349 4098 405 4145 nats
422 4096 450 4144 ot
464 4096 599 4156 Waverley
615 4100 690 4157 stato,
705 4095 760 4144 that
770 4095 812 4144 the
837 4095 899 4153 still,
914 4095 938 4143 it
951 4095 983 4144 he
1003 4095 1079 4144 could
1097 4095 1131 4155 by
1148 4110 1200 4157 any
1216 4108 1300 4145 meam

349 4165 412 4227 king
434 4165 485 4214 had
506 4165 644 4226 purpoaely
663 4169 706 4230 got
725 4170 770 4214 out
786 4165 816 4214 ot
837 4165 912 4214 effect
922 4165 950 4227 it,
961 4169 987 4214 to
998 4179 1090 4227 escape
1103 4164 1166 4214 from
1182 4165 1223 4214 his
1233 4164 1300 4227 cath,

349 4235 391 4284 the
408 4249 466 4296 way
478 4230 620 4301 (elongavit
636 4231 678 4303 se)
695 4239 720 4285 to
736 4235 812 4285 avoid
836 4251 863 4296 p.
877 4239 934 4283 178.
