2970 5016
341 453 408 518 328
590 469 722 516 noonnr
748 467 795 513 on
819 465 1026 514 wsnoovnn

181 642 302 682 etr-1²¹⁶·
342 625 494 690 cessistis
517 625 560 688 ad
583 624 725 700 factum,
747 624 830 707 quin
852 642 982 698 omnes,
1002 622 1062 703 qui
1084 621 1170 685 illud
1195 620 1290 683 audi·

342 732 416 801 unt,
435 725 536 806 quasi
551 724 685 786 saciuus
703 723 929 796 detestantur,
949 721 1141 803 praesertim
1161 739 1238 783 com
1257 720 1290 781 in

342 842 449 887 causa
479 831 596 886 vestra
625 841 687 886 vos
717 823 812 903 ipsos
838 819 973 903 judices
1007 828 1043 883 et
1069 827 1291 883 exsecutores

343 922 504 998 feceritis,
530 922 648 984 eodem
672 940 754 1001 rege
776 927 899 1002 parato
922 920 958 982 in
984 918 1081 983 curia
1103 937 1170 981 sna
1195 918 1292 981 vobis

343 1040 405 1102 per
429 1040 529 1102 pares
555 1028 689 1083 vestros
716 1019 902 1082 secundum
926 1017 1021 1099 leges
1048 1025 1084 1081 et
1106 1025 1291 1080 consueto·

343 1118 441 1182 dines
462 1118 559 1200 regni
583 1119 731 1202 justitiae
761 1117 1007 1200 plenitudinem
1038 1115 1215 1192 exhibere,
1238 1115 1291 1180 vel

344 1236 458 1283 coram
479 1218 590 1292 nobis,
608 1217 651 1279 ad
672 1236 772 1298 quern
794 1216 898 1300 hujus
922 1234 1036 1278 causae
1049 1214 1222 1297 judicium
1239 1233 1293 1277 ra-

344 1317 438 1380 tione
461 1316 601 1380 dominii
620 1317 781 1398 pertinet,
800 1316 854 1380 vel
875 1315 979 1378 etiam
1003 1333 1119 1376 coram
1140 1315 1291 1388 arbitris,

345 1415 512 1497 eligendis
529 1414 609 1478 hinc
629 1415 720 1491 inde,
741 1433 812 1477 una
832 1414 1009 1477 nobiscum
1031 1414 1068 1475 io
1089 1413 1169 1494 ipso
1187 1432 1291 1494 nego·

345 1515 394 1578 tio
412 1514 636 1596 processuris.
684 1513 797 1590 Unde,
815 1532 893 1576 cum
913 1511 994 1575 nihil
1016 1511 1139 1574 horum
1159 1511 1291 1593 dignati

344 1612 479 1676 fueritis
504 1620 724 1694 attemptare,
749 1612 793 1675 ad
817 1618 972 1675 nostram
993 1610 1203 1674 audientiam
1231 1629 1292 1692 ap·

345 1710 500 1793 pellavit,
523 1712 674 1792 seipsum
702 1729 743 1773 ac
771 1730 913 1791 regnum
939 1728 1017 1773 cnm
1043 1709 1138 1772 omni
1164 1709 1292 1772 honore

345 1828 386 1872 ac
408 1810 488 1892 jure
515 1829 579 1872 suo
602 1808 801 1891 apostolicae
832 1808 1038 1891 protectioni
1066 1827 1290 1889 supponens;

345 1908 481 1990 publice
510 1907 746 1989 protestando,
773 1907 877 1989 quod,
905 1926 982 1970 cnm
1009 1907 1164 1989 ejusdem
1196 1908 1291 1988 regni

344 2007 531 2069 dominium
546 2008 589 2069 ad
604 2006 797 2069 Romanam
808 2006 986 2069 ecclesiam
1003 2006 1205 2086 pertineret,
1219 2007 1290 2088 ipse

346 2124 407 2167 nec
428 2112 564 2184 poterat
581 2124 643 2167 nec
660 2104 807 2169 debebat
823 2105 1006 2186 quicquam
1022 2104 1065 2166 de
1082 2104 1143 2167 illo
1161 2106 1197 2167 in
1214 2124 1292 2168 nos·

344 2211 434 2265 trum
465 2202 700 2284 praejudicium
733 2204 926 2267 immutare.
979 2201 1067 2266 Cum
1092 2204 1203 2282 igitur
1233 2203 1291 2266 illa

344 2301 548 2380 compositio
564 2300 801 2382 qualisqualis,
824 2302 867 2364 ad
885 2287 988 2382 quam
1006 2302 1154 2384 pervim
1171 2310 1207 2366 et
1222 2322 1291 2365 me·

344 2405 417 2461 tum
450 2397 635 2462 induxistis
667 2401 824 2477 eundem,
853 2420 921 2464 non
951 2400 1063 2463 solnm
1091 2395 1138 2463 sit
1155 2400 1236 2465 vilis
1257 2409 1292 2464 et

345 2498 468 2579 turpis,
488 2517 606 2561 verum
632 2498 737 2561 etiam
759 2500 881 2562 illicita
903 2508 937 2563 et
958 2499 1088 2582 iniqua,
1109 2507 1148 2561 ut
1169 2501 1290 2562 merito

344 2597 389 2661 sit
408 2599 453 2660 ab
468 2598 626 2661 omnibus
647 2598 872 2680 reprobanda,
890 2598 1039 2660 maxime
1061 2606 1206 2679 propter
1222 2618 1292 2662 mo-

345 2694 436 2771 dum,
461 2715 536 2772 nos,
558 2695 617 2776 qui
635 2704 706 2759 tam
730 2697 804 2777 regi
822 2715 926 2778 quam
950 2715 1058 2776 regno
1077 2694 1236 2761 tenemur
1256 2705 1290 2760 et

345 2795 571 2875 spiritualiter
593 2802 628 2857 et
649 2795 884 2875 temporaliter
908 2795 1100 2877 providere,
1123 2815 1186 2877 per
1208 2816 1289 2878 apo·

345 2893 468 2955 stolica
491 2894 587 2955 vobis
617 2893 745 2974 scripta
774 2894 1005 2975 praecipiendo
1031 2894 1237 2957 mandamus
1259 2904 1293 2958 et

175 2993 178 3000 “
254 3012 259 3018 ·
346 2992 380 3051 in
409 2998 503 3053 recta
527 2992 592 3053 lide
617 2992 839 3068 consulimus,
866 3000 1036 3074 quatenus
1061 2981 1230 3057 facientes
1251 2994 1291 3056 de

345 3089 550 3152 necessitate
596 3091 757 3154 virtutem
807 3091 1009 3154 renuntietis
1053 3094 1291 3174 compositioni

346 3186 540 3268 hujusmodi
575 3208 635 3268 per
657 3208 719 3251 vos
743 3190 850 3271 ipsos,
877 3198 912 3252 et
934 3190 1158 3254 satisfaciatis
1184 3192 1290 3255 eidem

346 3286 419 3366 regi
445 3304 485 3348 ac
513 3287 585 3348 suis
610 3287 651 3349 de
680 3287 813 3349 damnis
841 3296 876 3350 et
899 3288 1032 3369 injuriis
1056 3290 1231 3368 irrogatis,
1256 3298 1293 3353 ut

346 3384 434 3447 idern
460 3403 521 3446 rex
542 3405 604 3466 per
620 3385 801 3448 manifesta
823 3385 1015 3450 devotionis
1035 3393 1070 3450 et
1087 3386 1293 3452 humilitatis

347 3484 473 3545 iudicia
498 3484 656 3565 placatus
680 3503 701 3546 a
723 3484 821 3547 vobis
853 3505 914 3566 per
943 3486 1094 3566 s‘eipsum
1123 3489 1292 3562 emendet,

346 3581 505 3662 quicquid
533 3581 575 3643 de
598 3582 677 3664 jure
705 3581 808 3645 fuerit
827 3584 1104 3661 concedendum;
1130 3585 1174 3647 ad
1202 3585 1291 3667 quod

345 3681 447 3743 etiam
476 3687 511 3742 et
536 3699 598 3742 nos
623 3680 734 3761 ipsum
768 3680 950 3745 efficaciter
973 3682 1188 3759 inducemus,
1211 3705 1292 3765 quo·

347 3778 450 3853 niam,
478 3779 568 3841 sicut
589 3778 747 3841 nolumus
771 3780 862 3861 qnod
888 3782 962 3863 ipse
984 3801 1048 3845 suo
1072 3781 1152 3863 jure
1178 3785 1291 3864 prive-

347 3884 414 3951 tur,
450 3877 498 3939 ita
528 3876 686 3939 volumus
717 3886 755 3940 ut
785 3879 859 3958 ipse
893 3898 914 3941 a
946 3881 1148 3959 gravamine
1177 3889 1292 3944 vestro

345 3974 502 4050 desistat,
532 3994 574 4038 ne
602 3995 662 4056 per
685 3977 948 4040 consuetudines
976 3998 1102 4060 pravas
1131 3987 1166 4041 et
1190 4000 1291 4043 exac-

347 4074 455 4136 tiones
478 4074 614 4154 iniquas
642 4077 704 4136 sub
734 4083 851 4138 nostro
875 4076 1026 4139 dominio
1053 4096 1196 4157 regnum
1219 4079 1290 4142 An-

344 4171 424 4250 gliae
450 4173 685 4252 opprimatur3
720 4174 852 4255 eritque
884 4175 1017 4238 firmum
1047 4183 1082 4238 et
1104 4177 1230 4240 stabile
1257 4179 1289 4239 in
