2970 5016
381 461 519 509 enonas
543 461 813 511 nrsronrxnun.
1011 448 1074 513 111

121 616 392 682 exsecrabilibus
413 618 586 699 reperiens
600 618 746 682 multum
762 618 972 682 calamitatis
989 638 1075 700 pon·
1088 636 1143 676 an.
1154 636 1212 676 nae.

120 717 198 794 dus,
218 737 290 800 quo
312 717 543 798 premebatur,
566 717 735 796 mirabar3
764 724 900 782 etcum
923 718 1072 799 inquire·
1087 686 1241 775 monor

122 836 207 892 rem,
223 823 340 879 utrum
363 816 630 880 misericordiam
650 836 688 879 se
706 816 893 898 aliquando
913 836 1077 880 consecu-
1089 786 1201 827 ΨΜ

121 925 238 978 turum
255 922 423 996 speraret,
441 914 630 996 respondit,
644 920 654 948 ‘
666 915 756 992 Vae,'
769 917 894 997 inquit,
916 921 1003 992 ‘vae,
1021 936 1076 980 vae

125 1013 227 1077 mihi!
251 1014 336 1090 scio,
356 1014 440 1091 scio,
459 1014 550 1096 quod
577 1014 664 1077 citra
686 1013 775 1078 diem
794 1014 916 1097 judicii
938 1016 1076 1079 omnino

125 1112 393 1176 misericordiam
413 1132 482 1175 non
502 1114 677 1192 merebor3
706 1131 751 1176 an
771 1122 886 1176 autem
908 1114 963 1177 vel
981 1121 1076 1189 tunc,

125 1212 293 1274 incertum
308 1211 431 1289 habeo,
446 1211 540 1292 quia,
551 1230 687 1292 semper
700 1232 744 1275 ex
761 1232 830 1294 quo
847 1212 883 1274 in
897 1211 972 1275 haec
985 1213 1078 1275 mala

126 1309 309 1373 devolutus
334 1329 423 1385 sum,
448 1310 676 1373 deterioratur
701 1331 806 1392 poena
828 1329 916 1386 mea,
937 1311 1077 1374 trahens

128 1409 238 1472 mede
253 1409 411 1490 pessimis
429 1409 473 1472 ad
491 1407 633 1492 pejora?
657 1407 722 1471 Cui
736 1428 817 1489 eg03
837 1410 903 1472 ‘Et
920 1427 1027 1489 quare
1041 1410 1077 1471 in

128 1508 292 1571 extremis
310 1527 380 1571 non
398 1526 435 1570 es
455 1508 633 1571 consessus
654 1515 798 1588 peccata
816 1515 889 1584 tua,
911 1526 973 1570 nec
991 1508 1079 1588 egis-

128 1607 155 1669 ti
181 1602 463 1688 poenitentiaml’
515 1607 561 1669 Et
583 1607 662 1684 illc;
694 1605 810 1683 ‘Quia
837 1605 1080 1687 recuperandae

128 1705 289 1768 sanitatis
304 1724 400 1788 spem
422 1704 603 1781 habebam,
619 1712 666 1781 et,
682 1705 823 1768 fallente
839 1705 988 1780 diabolo,
1005 1724 1079 1767 eru-

129 1803 188 1867 bui
212 1811 284 1867 tam
312 1803 428 1885 turpia
452 1804 605 1867 confiteri
630 1803 796 1880 facinora,
822 1822 865 1866 ne
888 1803 1081 1885 despectior

129 1901 274 1966 haberer
303 1903 394 1966 inter
422 1922 494 1979 eoS,
520 1903 557 1964 in
588 1903 713 1983 quibus
740 1903 911 1982 gloriosus
934 1909 969 1965 et
991 1901 1080 1964 male

130 2000 330 2083 splendidus
345 2001 567 2083 apparebam.
594 2000 702 2064 Levia
717 2009 832 2065 tamen
845 2020 991 2082 quaeque
1003 2019 1082 2082 pec·

130 2107 211 2163 cata
239 2099 417 2163 confessus
444 2118 520 2162 sum
547 2102 760 2182 presbytero,
784 2107 819 2163 et
841 2099 1081 2180 interroganti,

131 2218 176 2262 an
199 2197 346 2262 aliorum
366 2218 477 2262 essem
499 2200 658 2262 conscius
680 2206 911 2281 peccatorum,
933 2199 1082 2281 praecepi

131 2305 172 2360 ut
193 2303 277 2360 tunc
303 2298 426 2375 abiret,
449 2304 488 2360 ut
510 2297 647 2374 iterum,
669 2298 699 2361 si
722 2298 804 2379 quid
828 2298 1001 2361 momoriae
1023 2317 1081 2361 oc·

132 2404 295 2472 comeret,
317 2395 383 2460 sibi
416 2397 530 2460 denuo
555 2397 773 2476 intimarem;
808 2416 877 2478 quo
902 2396 1082 2460 recedente

132 2503 167 2559 et
187 2513 256 2558 non
280 2495 419 2576 longius
442 2514 638 2578 progresso,
663 2495 867 2577 incipiebam
889 2495 998 2571 mori;
1023 2494 1081 2557 ille

133 2614 156 2657 a
172 2593 337 2657 ministris
360 2594 444 2657 meis
465 2595 689 2658 reaccensitus
707 2594 781 2676 jam
802 2613 857 2656 me
872 2592 1004 2656 invenit
1020 2591 1082 2654 ho-

132 2693 259 2756 minem
280 2692 430 2756 exuisse.
483 2692 581 2756 Nihil
603 2693 710 2773 igitur
725 2692 767 2754 de
788 2692 880 2754 mille
899 2690 1081 2772 generibus

133 2810 327 2873 poenarum,
348 2810 435 2873 quas
457 2791 551 2855 omni
570 2791 626 2855 die
649 2790 795 2873 persero,
813 2791 863 2853 sic
885 2809 939 2852 me
961 2808 1082 2852 excru-

133 2891 215 2967 ciat,
241 2908 345 2971 quam
372 2889 498 2954 erroris
527 2890 607 2966 mei,
633 2909 702 2972 qno
725 2891 867 2953 tenebar
893 2889 928 2950 in
954 2887 1083 2965 seculo,

111 3016 114 3021 >
134 2989 284 3053 nefanda
305 2989 580 3071 repraesentatio,
595 2989 677 3071 quia
694 3008 799 3069 cogor
816 2988 998 3052 actualiter
1012 2994 1083 3050 tur-

135 3088 282 3169 pitudini
314 3088 467 3170 antiquae
501 3088 672 3169 passionis
715 3086 914 3166 deservire,
957 3094 1084 3167 praeter

136 3186 226 3249 enim
250 3186 411 3268 supplicii
436 3186 621 3250 indicibilis
645 3186 907 3263 vehementiam,
934 3185 1084 3248 confusi·

136 3304 201 3348 one
234 3284 486 3348 intolerabilius
525 3304 673 3367 premor,
706 3284 786 3348 dum
823 3286 859 3347 in
897 3292 1084 3365 conspectu

135 3385 288 3447 omnium
317 3383 360 3446 de
388 3385 496 3447 tantis
524 3383 666 3464 flagitiis
695 3383 918 3448 exsecrabilis
948 3383 1085 3446 existo!

138 3481 182 3544 In
204 3490 377 3546 momento
403 3491 531 3558 autem,
559 3482 640 3545 dum
667 3482 742 3545 haec
768 3482 907 3556 diceret,
929 3480 1085 3542 innume-

137 3581 184 3643 ris
210 3600 289 3644 eum
318 3581 428 3644 modis
456 3581 647 3645 excruciari
675 3580 854 3661 conspexi,
880 3585 915 3642 et
941 3578 977 3639 in
1000 3578 1085 3660 ipsis

136 3679 345 3743 cruciatibus
376 3680 472 3743 velut
508 3680 544 3743 in
577 3679 721 3743 nihilum
755 3679 877 3760 redigi,
907 3684 942 3740 et
974 3676 1085 3740 instar

136 3777 268 3859 plumbi
304 3778 341 3842 in
374 3777 541 3858 liquidum
575 3798 638 3860 per
670 3778 740 3840 vim
774 3777 899 3840 caloris
929 3774 1084 3839 dissolvi.

136 3875 302 3941 Sanctum
317 3877 435 3954 etiam,
450 3877 509 3960 qui
533 3877 705 3952 adstabat,
721 3874 907 3939 Nicolaum
929 3873 1086 3936 sciscita-

135 3983 192 4039 tus
215 3994 305 4052 sum,
325 3976 355 4038 si
372 3983 514 4057 possent
536 3976 622 4040 talia
644 3982 816 4038 tormenta
837 3973 954 4054 aliquo
977 3990 1086 4034 reme·

136 4073 184 4137 dii
200 4093 328 4156 genere
343 4074 510 4152 relevari3
528 4081 564 4139 et
580 4075 652 4150 ille,
668 4080 678 4107 ‘
693 4072 780 4137 Cum
795 4070 951 4147 venerit‚’
963 4070 1087 4151 inquit,

136 4172 234 4237 ‘dies
244 4173 382 4255 judicii,
397 4181 479 4237 tunc
492 4173 623 4238 Christi
637 4173 696 4236 fiet
708 4171 868 4235 voluntas
881 4190 890 4250 3
909 4170 983 4251 ipse
996 4168 1087 4232 enim
