2970 5016
343 443 409 507 256
598 456 731 505 noceat
758 455 804 502 ne
827 453 1035 501 weunovsa

184 631 305 670 norm.
345 617 538 697 puniretur,
566 615 596 676 si
628 612 718 676 enim
749 631 804 686 ea,
835 631 914 692 quae
941 611 1106 692 superius·
1122 618 1225 691 gesta
1251 612 1298 674 le·

345 723 487 796 guntur,
518 712 691 776 subtiliter
721 711 990 794 perpendantur,
1014 711 1297 793 comprobabitur

345 814 458 896 ipsum
473 813 687 876 mendacium
704 831 773 874 non
790 811 934 874 dixisse.

367 984 409 1048 Ut
419 981 629 1067 Peaduhtlras
640 990 812 1066 camparte
826 981 1029 1046 restitutionis
1040 981 1229 1045 domnorum
1243 979 1287 1043 od

620 1080 747 1145 Galliae
762 1080 1028 1164 transfretaverit.

184 1222 301 1315 32⁶pr
398 1204 467 1268 His
484 1206 535 1268 ita
549 1205 669 1285 gestis,
688 1203 915 1285 Pandulphus
929 1223 1006 1267 curn
1025 1201 1156 1266 chartis
1172 1222 1299 1266 memo-

183 1326 269 1365 rnna.

348 1306 432 1368 ratis
462 1303 700 1368 transfretavit
720 1303 765 1366 ad
786 1302 935 1379 Gallias,
958 1309 1037 1366 octo
1061 1301 1172 1365 millia
1194 1301 1297 1365 libras

347 1403 610 1483 esterliugorum
632 1421 749 1465 secum
771 1421 906 1482 gerens,
929 1409 968 1464 ut
986 1400 1249 1482 archiepiscopo
1266 1410 1299 1464 et

348 1502 531 1585 episcopis,
553 1501 799 1582 monachisque
824 1500 1147 1575 Cantuariensibus
1172 1518 1214 1562 ac
1234 1520 1299 1563 cee-

350 1602 433 1664 teris
455 1620 562 1664 causa
588 1599 762 1664 interdicti
786 1599 1040 1673 exsulantibus,
1063 1599 1098 1660 in
1128 1607 1229 1680 parte
1250 1618 1300 1661 rc·

349 1699 540 1764 stitutionis
559 1699 688 1763 taceret
707 1699 912 1762 ablatorum.
966 1698 1052 1762 Cum
1071 1705 1187 1760 autem
1205 1704 1300 1761 tenor

350 1799 548 1862 chartarum
570 1807 605 1862 et
625 1797 780 1881 praesatae
803 1797 899 1879 pacis
920 1797 1032 1861 forma
1052 1796 1122 1859 illis
1144 1796 1301 1859 omnibus

350 1898 549 1980 placuisset,
584 1896 757 1981 persuasit
787 1897 970 1977 diligenter
997 1895 1239 1977 Pandulphus,
1264 1901 1301 1958 ut

351 1997 493 2077 pacifice
513 1996 663 2060 redirent
688 1997 724 2058 in
740 1994 903 2076 Angliam
923 1995 1074 2077 episcopi
1098 1994 1301 2076 supradicti,

352 2096 525 2158 residuum
546 2095 774 2159 restitutionis
796 2094 889 2157 illico
907 2094 1116 2175 percepturi.
1150 2087 1301 2157 ¹Deiude

352 2212 468 2274 regem
480 2192 692 2255 Francorum
708 2192 893 2273 diligenter
912 2192 1096 2255 admonere
1110 2192 1230 2274 coepit,
1244 2192 1300 2274 qui

347 2290 422 2372 jam
438 2296 581 2372 paratus
603 2290 716 2354 suerat
733 2292 768 2354 in
792 2311 895 2355 mauu
911 2291 1063 2355 violenta
1082 2290 1126 2352 ad
1138 2288 1301 2370 Angliam

352 2389 523 2453 hostiliter
539 2390 776 2466 transfretare,
794 2398 833 2454 ut
845 2390 1025 2453 desisteret
1043 2388 1257 2471 aproposito
1268 2396 1301 2452 et

352 2488 396 2553 ad
422 2488 561 2571 propria
585 2488 728 2570 pacifice
753 2496 942 2568 remearet;
979 2508 1046 2551 nou
1074 2487 1167 2551 euim
1189 2487 1302 2570 potnit

352 2588 426 2650 sine
448 2587 633 2651 offensione
656 2587 779 2650 summi
808 2587 980 2669 pontilicis
1011 2595 1138 2651 terram
1167 2585 1303 2668 Angliae

354 2686 408 2750 vel
435 2686 547 2768 ipsum
571 2705 686 2767 regem
710 2685 884 2762 infestare,
911 2705 989 2749 cum
1010 2685 1069 2749 ille
1091 2694 1237 2767 paratus
1259 2686 1303 2749 sit

354 2785 431 2849 Deo
457 2793 493 2849 et
511 2793 640 2848 sanctae
664 2783 818 2848 ecclesiae
841 2785 984 2867 ejusque
1007 2784 1177 2849 ordinatis
1199 2785 1301 2848 satis·
1350 2834 1352 2838 .

352 2883 478 2959 facere,
501 2891 605 2965 atque
622 2883 750 2946 domiui
767 2903 866 2965 papae
889 2882 1069 2947 catholicis
1087 2883 1302 2966 jussionibus

353 2982 503 3045 obedire.
559 2981 648 3044 Haeo
682 2982 825 3045 audiens
854 3002 915 3045 rex
952 2983 1166 3046 Francorum
1195 2981 1304 3046 iratus

355 3080 455 3143 valde
471 3079 572 3155 dixit,
590 3099 627 3141 se
644 3080 719 3163 jam
744 3081 779 3143 in
803 3090 973 3163 apparatu
999 3081 1151 3157 navium,
1170 3081 1303 3145 victua·

355 3179 437 3240 lium
462 3186 497 3241 et
520 3197 692 3242 armorum
714 3179 897 3262 plusquam
924 3179 1108 3261 sexaginta
1132 3180 1242 3243 millia
1263 3180 1302 3242 li·

354 3276 435 3340 bras
462 3277 679 3358 expendisse,
712 3287 746 3342 et
774 3299 820 3342 ex
846 3287 1020 3361 praecepto
1048 3278 1177 3343 domini
1204 3296 1303 3360 papea

355 3375 505 3440 laborem
529 3376 709 3458 praetatum
733 3386 769 3441 et
784 3378 819 3441 in
836 3389 1052 3461 peccatorum
1071 3377 1304 3441 remissionem

354 3477 567 3558 suscepisse3
592 3484 639 3552 et,
651 3485 690 3539 ut
706 3496 824 3540 verum
842 3479 1023 3554 fateamur,
1035 3477 1125 3540 idem
1144 3496 1207 3540 rex
1224 3495 1304 3557 sug·

354 3576 568 3653 gestionibus
588 3574 784 3657 Pandulphi
809 3595 987 3639 assensum
1003 3576 1200 3639 nullatenus
1217 3595 1304 3656 pree·

355 3673 498 3749 buisset,
525 3675 591 3736 uisi
613 3676 708 3738 solus
736 3694 851 3737 comes
876 3674 1099 3738 Flandreusis
1123 3673 1304 3756 Philippus

353 3771 467 3853 ipsum
506 3772 604 3853 sequi
644 3772 924 3848 contradixisset,
961 3772 1074 3836 fuerat
1109 3774 1201 3836 enim
1235 3771 1304 3854 regi

354 3868 547 3950 Anglorum
578 3870 833 3935 cousoederatus
861 3879 895 3935 et
919 3871 997 3935 ideo
1020 3879 1142 3935 contra
1166 3879 1304 3954 pactum

354 3988 454 4031 suum
467 3970 583 4031 venire
599 3968 720 4032 noluit.
774 3971 876 4034 Dixit
894 3979 1064 4053 praeterea
1075 3970 1167 4034 idem
1182 3988 1304 4044 comes,

389 4140 521 4206 'Deinde.]
544 4142 598 4192 'l'he
615 4145 750 4194 certificate
772 4146 802 4195 ot
817 4147 954 4208 Pandulph
971 4151 998 4196 to
1014 4146 1106 4196 John's
1123 4147 1267 4196 absolution
1284 4146 1303 4194 is

354 4212 427 4273 giren
438 4214 464 4261 in
477 4214 579 4275 Rymer,
590 4215 608 4262 i.
620 4228 647 4274 p.
660 4218 715 4263 112.
