2970 5016
344 435 410 499 308
592 445 728 494 uocum
753 444 801 491 nu
824 442 1032 490 wunnotuu

184 621 240 664 av·
252 622 309 662 ¹²¹&
346 627 423 683 uos,
439 625 503 669 nec
524 604 643 668 ballivi
659 601 782 677 nostri,
800 620 864 664 nec
881 598 940 663 alii
959 600 1136 682 capiemus
1155 600 1293 663 boscum

183 672 268 761 m
346 707 497 769 alienum
520 704 564 767 ad
590 710 706 766 castra
732 699 787 763 vel
813 698 949 780 agenda
977 705 1110 774 nostra,
1140 698 1207 761 nisi
1238 720 1294 780 per

345 805 562 868 voluntatem
586 801 679 864 illius
701 799 802 882 cujus
825 799 951 861 boscus
972 796 1031 860 ille
1053 797 1168 860 fuerit.
1224 798 1293 861 Nos

346 910 462 966 autem
502 921 571 964 uon
602 898 795 962 tenebimus
824 904 934 959 terras
963 914 1094 972 eorum,
1122 898 1185 977 qui
1218 916 1294 959 cou-

347 1001 432 1065 victi
448 1000 575 1062 fuerint
591 998 633 1060 de
655 996 796 1071 felonia,
818 996 883 1057 uisi
905 1014 966 1076 per
988 1014 1095 1057 uuum
1114 1013 1246 1057 aunum
1264 1004 1295 1058 et

348 1118 454 1163 uuum
483 1098 586 1172 diem,
623 1102 658 1158 et
689 1102 772 1157 tunc
804 1092 992 1156 reddantur
1017 1100 1119 1156 terrae
1151 1093 1296 1157 dominis

349 1198 538 1262 feodorum.
593 1194 723 1257 Omnes
753 1191 874 1255 kidelli
901 1192 945 1254 de
970 1198 1097 1254 caetem
1125 1192 1297 1273 deponan-

348 1304 408 1361 tur
438 1296 576 1377 penitus
606 1313 668 1375 per
698 1290 888 1354 Tamisiam
915 1298 951 1353 et
976 1309 1038 1372 per
1069 1289 1293 1353 Medeweiam

349 1403 386 1458 et
407 1414 470 1476 per
493 1401 603 1457 totam
628 1389 805 1470 Angliam,
837 1387 904 1451 nisi
934 1408 996 1470 per
1020 1397 1154 1453 costum
1184 1390 1296 1452 maris.

351 1493 477 1569 Breve,
501 1491 594 1574 quod
619 1496 763 1553 vocatur
784 1493 795 1522 ‘
814 1486 994 1569 Praecipe,'
1016 1487 1060 1550 de
1080 1497 1210 1552 caetero
1233 1509 1296 1552 non

351 1592 413 1656 fiat
430 1591 534 1654 alicui
554 1590 596 1652 de
618 1588 737 1669 aliquo
754 1594 961 1662 tenemento,
978 1586 1070 1656 unde
1091 1587 1181 1650 liber
1198 1587 1295 1651 bomo

322 1689 475 1772 ‘perdat
505 1688 636 1752 curiam
673 1705 783 1748 suam.
851 1684 933 1749 Una
968 1704 1131 1748 mensura
1160 1687 1234 1749 uiui
1266 1695 1296 1749 et

352 1789 507 1851 cervisiae
529 1787 576 1849 sit
597 1805 660 1867 per
681 1792 791 1848 totum
817 1803 962 1864 regnum
983 1791 1153 1859 nostrum,
1176 1793 1212 1848 et
1234 1803 1297 1847 uua

352 1874 513 1950 mensura
536 1884 644 1959 bladi,
668 1883 800 1945 scilicet
822 1882 1034 1963 quarterium
1060 1882 1296 1961 Londiueuse;

352 1992 388 2047 et
407 2005 476 2047 uua
498 1983 647 2046 latitudo
670 2000 861 2063 pauuomm
883 1980 1069 2044 tinctorum
1091 1989 1127 2044 et
1151 1991 1297 2045 russeto·

353 2101 429 2143 rum
458 2089 494 2145 et
515 2081 817 2160 haubergetorum,
840 2078 971 2142 scilicet
992 2078 1070 2142 duee
1093 2079 1188 2143 ulnae
1214 2081 1298 2144 iufra

353 2179 475 2258 listas3
507 2178 549 2240 de
574 2177 785 2259 ponderibus
808 2197 889 2240 vero
914 2177 960 2240 sit
985 2185 1025 2240 ut
1047 2177 1090 2240 de
1120 2181 1297 2242 mensuris.

355 2275 453 2340 Nihil
485 2276 586 2339 detur
616 2274 659 2337 de
689 2283 817 2339 caetero
846 2295 909 2358 pro
940 2275 1037 2339 brevi
1069 2277 1297 2359 inquisitionis

354 2375 399 2436 ab
418 2394 470 2449 eo,
493 2374 553 2456 qui
576 2372 832 2454 inquisitionem
859 2374 947 2455 petit
967 2374 1100 2439 devita
1117 2376 1173 2438 vel
1197 2397 1297 2440 mem·

354 2474 438 2549 bris,
464 2472 523 2536 sed
549 2472 659 2554 gratis
679 2472 889 2536 concedatur
912 2480 947 2536 et
965 2493 1033 2536 uon
1053 2481 1210 2554 negetur.
1265 2475 1299 2538 Si

353 2571 481 2653 aliquis
499 2579 616 2635 teneat
633 2569 676 2632 de
697 2570 797 2634 nobis
819 2590 882 2652 per
899 2570 992 2634 feodi
1013 2572 1146 2634 firmam
1165 2574 1221 2636 vel
1247 2593 1298 2636 so·

351 2671 490 2751 cagium
509 2669 564 2733 vel
587 2670 806 2749 burgagium,
830 2677 865 2732 et
887 2668 929 2731 de
952 2668 1022 2733 alio
1039 2678 1158 2734 teneat
1175 2680 1296 2735 terram

352 2787 416 2850 per
432 2769 610 2831 servitium
633 2767 765 2842 militis,
788 2786 851 2829 nos
873 2787 941 2830 uon
962 2767 1164 2832 habebimus
1186 2778 1297 2834 custo-

352 2866 445 2930 diam
470 2866 617 2929 haeredis
640 2864 694 2928 vel
718 2873 819 2929 terrae
845 2885 931 2941 suae,
960 2887 1038 2948 quae
1061 2875 1114 2931 cst
1134 2868 1177 2931 de
1200 2869 1297 2933 feodo

352 2965 509 3039 alterius,
536 2963 717 3026 occasione
746 2963 839 3026 illius
867 2964 958 3028 feodi
985 2966 1092 3028 firmae
1118 2967 1174 3029 vel
1202 2987 1297 3031 soca·

352 3063 402 3142 gii
419 3062 473 3125 vel
495 3061 667 3143 burgagii,
688 3081 750 3125 uec
773 3062 974 3126 babebimus
994 3065 1187 3128 custodiam
1208 3067 1298 3129 illius

351 3158 443 3222 seodi
472 3158 579 3222 firmae
603 3159 657 3222 vel
687 3161 818 3241 socagii
843 3162 897 3224 vel
929 3163 1101 3243 burgagii,
1127 3164 1193 3227 uisi
1226 3165 1298 3246 ipse

351 3257 444 3320 scodi
463 3256 561 3321 firma
577 3257 701 3321 debeat
718 3259 896 3322 servitium
919 3259 1079 3325 militare.
1133 3261 1210 3325 Nos
1232 3283 1296 3327 uon

351 3356 515 3420 debemus
542 3356 668 3419 babere
698 3358 923 3438 [custodiam]
950 3357 1095 3422 haeredis
1120 3361 1176 3424 vel
1200 3370 1298 3425 terrae

352 3454 510 3538 alicujus,
533 3474 636 3535 quum
656 3461 752 3519 tenet
769 3456 811 3519 de
837 3455 906 3519 alio
928 3475 991 3539 per
1012 3458 1190 3522 servitium
1213 3461 1299 3524 mili-

351 3559 439 3629 tare,
452 3555 634 3617 occasione
648 3553 795 3637 alicujus
813 3574 931 3637 parvae
947 3559 1185 3636 serganteriae,
1197 3578 1298 3639 quam

351 3657 446 3714 tenet
468 3650 511 3714 de
537 3651 635 3714 uobis
658 3671 720 3732 per
745 3654 923 3716 servitium
950 3655 1113 3719 reddendi
1140 3657 1298 3721 cultellos

351 3749 407 3811 vel
429 3749 577 3830 sagittas
601 3749 654 3812 vel
677 3748 884 3832 hujusmodi.
938 3751 1067 3816 Nullus
1088 3755 1240 3819 ballivus
1258 3756 1298 3818 de

352 3855 478 3911 caetero
495 3855 602 3928 ponat
618 3848 767 3928 aliquem
789 3849 832 3912 ad
853 3849 964 3931 legem
987 3870 1050 3915 nec
1069 3853 1112 3915 ad
1126 3854 1299 3936 jurameu-

352 3952 425 4008 tum
450 3946 597 4027 simplici
619 3946 757 4027 loquela
778 3966 854 4022 sua,
877 3947 952 4012 sine
975 3951 1121 4014 testibus
1144 3952 1299 4017 fidelibus

351 4043 396 4105 ad
425 4042 489 4107 hoc
517 4044 678 4108 inductis.
748 4045 876 4109 Nullus
898 4047 986 4112 liber
1013 4048 1115 4113 homo
1143 4052 1300 4133 capiatur

351 4141 407 4203 vel
427 4142 681 4223 imprisonetur,
706 4153 767 4207 aut
784 4145 998 4210 disseisietur
1019 4147 1062 4210 de
1080 4148 1198 4230 aliquo
1216 4151 1298 4212 libe-

352 4258 390 4301 ro
408 4246 602 4305 tenemento
622 4262 686 4305 suo
703 4244 757 4306 vel
775 4244 991 4308 libertatibus
1010 4246 1064 4308 vel
1083 4246 1201 4311 liberis
1216 4268 1299 4312 con·
