2970 5016
356 470 401 534 58
614 487 749 536 noorai
771 489 819 536 nn
843 489 1049 538 wnunovna
1158 480 1163 489 ’

401 720 451 784 De
465 718 598 804 quodam
612 717 771 795 heremita,
787 718 841 803 qai
858 716 923 802 reci
938 714 1098 781 Richards
1105 715 1262 801 prodicit

536 818 735 883 Hierusalem
747 838 807 881 acu
822 838 880 882 esse
893 815 1130 902 eabjapcadam.

194 953 318 1055 wega
408 934 522 1007 Duce¹
547 942 655 1022 igitur
679 942 715 1005 in
741 940 832 1003 bunc
858 939 996 1004 modum
1022 957 1192 1020 regresso,
1213 939 1311 1002 venit

301 1033 307 1045 ’
358 1049 460 1105 nocte
487 1041 646 1124 sequenti
670 1040 853 1121 religiosus
877 1039 1017 1120 quidam
1048 1036 1091 1100 ad
1116 1056 1245 1118 regem,
1274 1048 1308 1101 et

357 1141 558 1204 mandatum
588 1139 770 1222 cujusdam
800 1137 913 1202 sancti
946 1137 1122 1201 heremitae
1154 1135 1198 1199 ad
1227 1155 1306 1199 eum

356 1239 493 1315 detulit,
521 1239 582 1322 qui
607 1238 681 1320 regi
710 1236 921 1318 significavit
948 1243 989 1299 ut
1017 1235 1061 1299 ad
1088 1255 1165 1298 eum
1192 1235 1307 1299 visen·

355 1338 438 1402 dum
458 1344 672 1421 properaret.
726 1337 806 1401 Rex
829 1343 945 1400 autem
968 1335 1011 1398 de
1037 1342 1139 1398 nocte
1163 1353 1306 1399 consur-

355 1457 454 1519 gens,
478 1437 668 1519 assumptis
691 1455 807 1500 secum
832 1435 935 1500 sociis
957 1434 1167 1516 quingentis,
1192 1433 1235 1496 ad
1257 1433 1304 1497 vi·

355 1558 430 1600 rum
450 1537 517 1601 Dei
537 1537 715 1619 pervenit;
742 1535 798 1599 bic
816 1554 900 1599 vero
920 1554 982 1616 per
1003 1533 1145 1614 longum
1168 1539 1304 1615 tempus

354 1637 447 1718 apud
479 1644 637 1699 sanctum
669 1633 864 1698 Samuelem
898 1634 934 1697 in
967 1640 1084 1696 monte
1116 1639 1303 1708 manserat,

354 1738 468 1818 quiet
488 1735 614 1817 spiritu
634 1734 825 1816 propbetiae
846 1733 1020 1815 pollebat;
1043 1731 1098 1794 bic
1118 1750 1140 1794 a
1157 1730 1213 1793 die
1232 1730 1302 1805 illo,

354 1855 422 1917 quo
450 1854 537 1899 crux
564 1833 748 1897 Dominica
776 1839 880 1913 capta
903 1840 956 1895 est
982 1838 1017 1894 et
1045 1838 1136 1894 terra
1163 1830 1303 1906 amissa,

354 1933 439 1997 nibil
463 1933 530 1996 nisi
556 1931 681 1995 herbas
705 1932 901 1995 comederat
920 1937 956 1995 et
974 1929 1120 2005 radices,
1145 1948 1208 1993 nec
1231 1928 1302 1992 ullo

353 2033 517 2096 utebatur
550 2038 763 2112 tegumento,
793 2030 928 2112 capillis
955 2028 1193 2093 tantummodo
1221 2047 1302 2109 ope-

353 2131 508 2193 riebatur
523 2131 701 2213 barbaque
721 2129 876 2212 prolixa3
899 2148 1000 2211 quern
1021 2147 1083 2192 rex
1100 2127 1229 2192 diutius
1245 2127 1303 2190 ad·
1323 2156 1329 2167 ·

353 2228 509 2292 mirando
535 2231 673 2293 intuens
698 2228 942 2293 sciscitabatur
966 2227 1048 2310 quid
1072 2226 1189 2290 vellet.
1237 2225 1303 2290 Ille

353 2347 435 2391 vero
460 2329 503 2392 de
525 2329 617 2410 regis
642 2329 795 2393 adventu
819 2327 961 2410 gavisus
985 2327 1099 2408 ipsum
1126 2326 1161 2388 in
1186 2332 1303 2390 orato-

351 2427 440 2489 rium
460 2446 561 2491 suum
580 2427 739 2506 adduxit,
756 2446 949 2510 eruensque
967 2426 1011 2490 de
1032 2445 1130 2488 muro
1152 2424 1301 2507 lapidem

352 2527 536 2608 quendam,
557 2548 692 2593 crucem
716 2527 865 2609 ligneam
888 2534 924 2590 et
941 2524 1124 2590 cubitalem
1145 2524 1302 2588 extraxit

350 2626 393 2689 de
413 2646 513 2693 muro
534 2636 570 2691 et
591 2628 665 2710 regi
687 2626 811 2691 devote
832 2625 1000 2709 porrexit,
1027 2623 1200 2687 affirmans
1221 2642 1301 2705 pro·

350 2726 406 2789 cul
429 2728 534 2791 dubio
559 2727 649 2790 banc
675 2745 810 2790 crucem
834 2725 877 2788 de
898 2724 994 2805 ligno
1019 2723 1159 2786 Domini
1181 2722 1299 2786 luisse.

350 2825 443 2908 Regi
457 2829 562 2890 etiam
581 2828 672 2891 inter
687 2826 757 2889 alia
773 2825 875 2901 dixit,
891 2823 984 2907 qnod
1001 2840 1217 2904 nequaquam
1235 2821 1300 2887 bac

350 2925 425 2987 vice
458 2934 584 2989 terram
613 2926 710 2989 illam
738 2925 920 2999 obtineret,
945 2922 1103 3005 quamvis
1132 2921 1327 2985 strenuis.

349 3023 435 3085 sime
451 3024 579 3104 ubique
596 3024 737 3104 egisset,
758 3030 805 3100 et,
825 3030 865 3086 ut
882 3042 945 3085 rex
963 3021 1089 3085 certius
1109 3021 1209 3084 dictis
1224 3021 1299 3103 eJus

351 3119 452 3182 fidem
478 3122 762 3197 accommodaret,
788 3123 966 3185 asserebat
993 3120 1144 3202 seipsum
1169 3121 1213 3183 ab
1235 3119 1299 3184 boc

349 3219 466 3281 seculo
486 3213 562 3282 ²die
588 3221 735 3302 septimo
754 3222 1005 3302 migraturum3
1034 3239 1134 3301 quem
1158 3238 1222 3282 rex
1245 3239 1299 3282 se-

347 3336 425 3381 cum
448 3318 491 3381 ad
516 3325 632 3383 castra
653 3320 828 3402 perduxit,
851 3328 891 3384 ut
911 3320 1082 3383 dictorum
1105 3318 1180 3402 ejus
1205 3337 1298 3381 com·

346 3419 510 3498 probaret
526 3428 701 3493 eventum,
715 3420 786 3501 qui,
803 3420 894 3483 sicut
910 3419 1133 3502 praedixerat,
1148 3416 1204 3481 die
1220 3437 1298 3500 sep-

347 3516 432 3580 timo
450 3519 494 3581 ab
511 3518 577 3582 hac
594 3518 671 3582 luce
687 3519 862 3600 migravit.

481 3681 530 3744 De
545 3691 638 3746 inerte
654 3682 834 3766 turpissima
851 3681 941 3746 ducis
954 3680 1158 3766 Bur-quadie.

183 3791 317 3881 ffiffissgof
397 3791 496 3859 Hiis³
517 3797 569 3860 ita
588 3797 709 3878 gestis,
730 3796 785 3861 die
807 3798 964 3880 sequenti
980 3803 1095 3861 castra
1113 3797 1234 3873 movit,
1257 3816 1298 3860 ac

183 3892 307 3942 ”mulda
346 3894 465 3958 ducem
490 3904 628 3959 secutus
652 3904 753 3959 extra
772 3898 890 3959 urbem
909 3893 1033 3959 Achon
1052 3915 1159 3978 prope
1175 3896 1298 3960 ducem

381 4055 488 4128 'Duce.]
507 4063 675 4125 coggeshala,
685 4065 734 4113 col.
746 4068 804 4114 822.
866 4062 951 4113 liliis
975 4064 1013 4112 itu
1034 4063 1113 4126 gestie
1131 4099 1138 4114 .
1158 4099 1164 4113 .
1183 4099 1190 4115 .
1209 4065 1298 4113 adram

378 4125 804 4195 ’Damttmasshesewordrare
824 4134 956 4197 fielium]
983 4135 1074 4195 ‘Rege
1099 4139 1184 4183 autem
1209 4135 1296 4183 Ptolo·

342 4198 444 4246 omitted
468 4200 501 4260 by
521 4201 679 4265 (bggesbale
698 4205 724 4251 in
743 4204 802 4252 both
829 4203 912 4252 maida
940 4219 998 4252 cum
1026 4203 1093 4253 sesso
1115 4205 1228 4252 exercitu
1252 4206 1295 4253 vix

341 4266 437 4328 places,
453 4268 501 4318 col.
514 4274 572 4321 823.
829 4288 875 4332 per
902 4273 1014 4322 triduum
1039 4274 1196 4336 quiescente,
1218 4278 1296 4335 atque
