2970 5016
339 425 405 489 216
579 438 713 486 seeum
738 438 785 486 os
810 436 1015 486 wnuoovnn

180 611 303 653 eli-¹²⁰⁷·
340 595 432 679 quod
456 615 518 678 pro
540 595 757 659 libertatibus
782 613 919 659 coronae
941 611 1014 657 suae
1041 592 1161 669 stabit,
1186 591 1217 654 si
1235 610 1298 654 ne-

340 714 436 760 cesse
451 694 566 771 fuerit,
583 713 692 777 usque
709 694 752 758 ad
771 700 937 772 mortem;
961 691 1223 756 immutabiliter
1241 691 1294 754 ai·

341 794 494 870 firmans,
516 813 554 856 se
571 813 639 857 non
662 812 765 876 posse
787 793 831 856 ab
854 791 1022 856 electione
1037 790 1140 854 simul
1162 797 1198 854 et
1213 809 1295 872 pro·

341 893 492 957 motione
516 891 751 956 Norwieensis
774 891 939 973 episcopi,
961 909 1066 972 quam
1083 889 1150 952 sibi
1173 889 1301 956 utilem,

340 991 514 1072 intelligit,
530 991 696 1054 revocari.
737 989 893 1054 Tandem
916 989 1048 1070 negotii
1066 1007 1236 1052 summam
1256 988 1293 1050 in

341 1091 406 1155 hoc
427 1089 607 1164 conclusit,
635 1088 741 1172 qnod,
763 1088 794 1152 si
816 1089 858 1152 de
881 1088 1070 1170 praemissis
1095 1106 1165 1151 non
1189 1086 1295 1150 fuerit

342 1189 539 1267 exauditus,
557 1189 714 1252 omnibus
732 1188 881 1252 Romam
904 1186 1101 1269 petentibus
1118 1185 1224 1249 maris
1240 1205 1296 1249 se·

342 1289 446 1352 mitas
460 1288 673 1369 angustabit,
683 1285 772 1370 [ne,]
786 1294 879 1351 terra
892 1305 956 1350 sua
970 1285 1101 1350 divitiis
1111 1292 1294 1360 evacuata,

341 1388 416 1469 ipse
432 1387 547 1451 minus
564 1386 608 1449 ad
632 1386 748 1450 hostes
770 1387 815 1449 ab
832 1405 874 1450 ea
890 1384 1112 1467 depellendos
1127 1382 1294 1461 sufficiat;

342 1491 378 1548 et
395 1504 471 1548 cum
495 1485 756 1567 archiepiscopi,
778 1484 931 1568 episcopi
946 1492 982 1548 et
997 1483 1056 1548 alii
1070 1482 1293 1548 ecclesiarum

344 1584 492 1666 praelati,
507 1592 577 1648 tam
593 1584 635 1648 de
654 1604 762 1665 regno
777 1581 917 1665 Angliae
934 1601 1038 1666 quam
1059 1582 1207 1646 aliarum
1224 1590 1295 1645 ter·

341 1701 458 1746 rarum
469 1684 666 1760 suarum,in
677 1682 827 1746 omnium
843 1682 1064 1746 scientiarum
1080 1680 1295 1764 plenitudine

343 1780 552 1846 sufficienter
576 1781 763 1858 abundent,
785 1782 815 1846 si
836 1782 1023 1846 necessitas
1045 1780 1210 1861 coegerit,
1232 1798 1297 1842 ex-

345 1888 401 1945 tra
423 1888 534 1945 terras
555 1900 637 1945 snas
654 1880 829 1965 justitiam
853 1880 907 1944 vel
923 1879 1092 1964 judicium
1113 1879 1157 1942 ab
1176 1877 1297 1941 alieni-

346 1980 444 2061 genis
467 2000 536 2044 non
559 1979 797 2044 emendicabit.
836 1979 993 2062 Cumque
1014 1979 1089 2042 haec
1111 1978 1228 2042 omnia
1249 1976 1295 2040 ad

346 2079 475 2142 domini
494 2098 595 2161 papae
621 2078 829 2143 audientiam
851 2098 913 2161 per
936 2078 1029 2159 regis
1054 2078 1196 2141 nuntios
1217 2097 1294 2160 per·

344 2177 531 2254 venissent,
545 2178 619 2259 regi
634 2176 829 2259 Anglorum
845 2178 1021 2260 rescripsit
1033 2178 1070 2240 in
1085 2177 1160 2240 haec
1169 2176 1294 2253 verba3

416 2348 612 2434 Rescriptum
627 2348 748 2414 domiui
755 2373 852 2437 pepe
865 2351 911 2415 ed
924 2372 1020 2436 repom
1037 2347 1223 2436 Acqlomm.

182 2488 334 2578 WQ
396 2466 655 2538 ‘Innocentius¹
674 2475 869 2557 episcopus,
885 2493 1007 2551 servus
1021 2493 1199 2538 servorum
1215 2473 1296 2550 Dei,

196 2538 237 2578 “³
258 2547 312 2588 Μ’
345 2571 523 2636 carissimo
552 2573 588 2635 in
612 2572 752 2638 christo
781 2574 853 2638 suo
878 2573 1044 2651 solenni,
1073 2573 1200 2637 riustri
1221 2571 1296 2636 nn·

346 2670 480 2752 giorum
501 2673 588 2754 regi,
612 2672 760 2736 salutem
786 2680 822 2736 et
835 2673 1061 2755 apostolicam
1087 2671 1297 2736 benedictio-

346 2790 436 2834 nem.
489 2770 576 2834 Cum
594 2791 698 2854 super
712 2773 852 2854 negotio
864 2770 1125 2836 cantuariensis
1140 2770 1296 2835 eeclesiae

346 2889 411 2933 nos
438 2869 500 2932 tibi
531 2872 770 2952 scripserimus
797 2871 983 2948 humiliter,
1012 2870 1206 2951 diligenter,
1235 2870 1296 2933 be·

346 2969 452 3048 pigne
468 2969 684 3035 exhortando
705 2977 741 3033 et
757 2970 924 3050 rogando,
948 2978 986 3034 tu
1008 2971 1119 3046 nobis,
1140 2976 1179 3033 ut
1198 2968 1298 3033 salva

347 3085 434 3148 pace
455 3073 517 3130 tua
542 3066 676 3148 loquar,
696 3069 904 3152 rescripsisti
928 3070 1029 3151 quasi
1056 3067 1297 3132 comminando

348 3171 384 3228 et
396 3165 637 3246 exprobrando
651 3169 900 3233 contumaciter
916 3177 951 3231 et
964 3176 1123 3250 proterve
1138 3187 1147 3248 3
1171 3174 1297 3231 etcum

348 3283 412 3327 nos
435 3263 498 3328 tibi
521 3284 627 3347 supra
643 3266 704 3350 jus
722 3266 854 3331 deferre
876 3286 1047 3343 curemus,
1064 3274 1102 3330 tu
1124 3267 1225 3329 nobis
1245 3285 1298 3329 se·

349 3362 500 3426 cundum
518 3364 579 3447 jus
594 3364 727 3429 deferre
749 3386 817 3429 non
839 3386 953 3443 curas,
976 3367 1090 3430 minus
1111 3384 1216 3449 quam
1239 3365 1298 3429 de-

349 3469 443 3526 ceret
465 3463 666 3544 attendens3
692 3464 784 3547 quod
808 3465 838 3527 si
864 3472 926 3529 tua
944 3465 1045 3530 nobis
1059 3465 1200 3529 devotio
1220 3465 1297 3548 plu-

349 3563 473 3626 rimum
488 3571 542 3625 est
556 3564 762 3639 necessaria,
780 3571 900 3628 nostra
922 3571 1036 3628 tamen
1058 3565 1121 3627 tibi
1145 3583 1215 3628 non
1237 3583 1300 3646 pa·

349 3680 425 3725 rum
442 3668 495 3725 est
507 3669 713 3745 opportune.
751 3663 909 3746 Cumque
924 3683 987 3726 nos
1000 3663 1036 3726 in
1053 3663 1115 3727 tali
1128 3682 1214 3726 casn
1226 3671 1300 3727 ten-

351 3766 424 3823 tum
443 3758 606 3824 honorem
629 3761 715 3825 nulli
737 3763 929 3844 principum
952 3762 1175 3825 detulerimus
1193 3782 1301 3844 quan·

353 3867 423 3922 tum
454 3859 529 3935 tibi,
561 3867 600 3924 tu
634 3868 752 3925 nostro
783 3868 918 3925 tantum
950 3862 1118 3942 derogare
1149 3861 1302 3925 attendis

350 3957 485 4033 honori,
508 3966 676 4041 quantum
701 3959 736 4023 in
759 3960 863 4023 simili
887 3980 971 4025 casu
999 3960 1114 4024 nullus
1140 3961 1302 4044 princeps

548 4182 554 4212 ¹
565 4184 739 4249 Innocentiam]
762 4188 864 4255 Rymer,
875 4204 932 4239 new
944 4189 1005 4240 edit.
1017 4203 1044 4252 p.
1055 4192 1097 4241 at.
