2970 5016
467 466 606 518 anonas
634 469 905 519 nrsromnnnn.
1091 459 1158 523 ‘253

204 627 261 703 tis,
284 636 319 691 et
342 627 485 709 proinde
507 627 627 690 divina
650 626 883 691 misericordia
906 629 1090 710 plurimum
1107 634 1156 696 in·
1171 650 1293 690 nonna

203 725 396 807 digeamus,
428 745 490 789 nec
517 726 598 807 quid
627 726 730 807 digne
753 726 875 790 offerre
898 729 1071 810 possimus
1094 752 1156 813 pro

204 826 441 890 satisfactione
474 826 551 889 Deo
587 831 622 887 et
652 825 806 888 ecclesiae
838 826 955 891 debita
985 828 1156 908 facienda,

205 923 270 986 nisi
297 925 478 1006 nosipsos
506 923 723 987 humiliemus
747 936 783 987 et
809 944 918 1006 regna
939 935 1071 1005 nostra,
1095 946 1155 993 vo·

203 1021 312 1087 lentes
344 1024 502 1105 nosipsos
532 1022 714 1086 humiliare
743 1043 805 1105 pro
830 1023 911 1102 Ill0,
938 1027 997 1107 qui
1026 1046 1064 1090 se
1092 1047 1154 1109 pro

204 1122 302 1185 nobis
319 1122 513 1185 humiliavit
526 1140 636 1203 usque
660 1121 703 1184 ad
728 1129 884 1199 mortem,
902 1125 1018 1204 gratia
1034 1125 1155 1189 Sancti

203 1219 352 1301 Spiritus
375 1222 578 1302 inspirante,
602 1240 670 1283 non
689 1221 725 1284 vi
749 1221 922 1285 interdicti
946 1243 1008 1287 nee
1031 1226 1155 1289 timore

203 1321 327 1395 coacti,
353 1321 413 1383 sed
438 1327 557 1382 nostra
582 1319 674 1382 hona
694 1329 954 1402 spontaneaque
974 1323 1153 1389 voluntate

203 1437 244 1481 ac
256 1419 427 1482 communi
445 1418 589 1482 consilio
604 1418 772 1480 baronum
783 1426 989 1496 nostrorum,
1007 1423 1152 1486 conferi-

203 1537 278 1580 mus
303 1527 338 1581 et
361 1518 468 1580 libere
492 1516 711 1580 concedimus
737 1516 827 1592 Deo,
852 1525 887 1580 et
913 1520 1045 1583 sanctis
1068 1539 1151 1603 apo·

202 1616 301 1679 stolis
327 1616 402 1699 ejus
431 1615 538 1679 Petro
564 1622 600 1678 et
625 1614 750 1692 Paulo,
775 1623 811 1679 et
832 1625 963 1680 sanctae
982 1618 1151 1683 Romanae

201 1714 354 1778 ecclesiae
383 1716 485 1778 matri
511 1721 652 1790 nostrae,
678 1733 719 1777 ac
749 1714 886 1778 domino
912 1735 1013 1798 papae
1041 1716 1150 1783 Inno-

200 1814 315 1877 centio
349 1814 494 1897 ejusquc
528 1812 709 1876 catholicis
737 1815 1006 1890 successoribus,
1039 1823 1151 1881 totum

201 1931 344 1990 reguum
358 1911 497 1994 Angliae
514 1919 550 1976 et
568 1918 679 1976 totum
697 1931 839 1991 regnum
860 1912 1050 1990 Hiberniae,
1072 1935 1151 1980 cum

201 2013 293 2074 omni
321 2011 400 2095 jure
427 2020 462 2074 et
489 2011 708 2093 pertinentiis
738 2011 822 2087 suis,
856 2030 918 2092 pro
951 2013 1150 2081 remissione

200 2112 351 2174 omnium
372 2116 593 2191 peccatorum
617 2116 812 2173 nostrorum
835 2117 871 2173 et
888 2111 995 2174 totius
1014 2116 1150 2192 generis

201 2209 322 2286 nostri,
354 2217 426 2272 tam
453 2229 516 2291 pro
548 2208 637 2272 vivis
666 2227 769 2290 quam
796 2227 858 2290 pro
890 2209 1086 2290 defunctis;
1113 2221 1150 2277 et

199 2307 323 2373 amodo
349 2307 410 2370 illa
433 2300 493 2370 ¹ab
517 2326 558 2370 eo
580 2315 615 2371 et
636 2307 782 2370 ecclesia
803 2307 964 2373 Romana
982 2318 1149 2392 tanquam

198 2400 439 2470 secundarius²
458 2406 661 2487 recipientes
678 2414 713 2469 et
724 2414 894 2484 tenentes,
910 2408 945 2470 in
963 2411 1148 2489 praesentia

199 2506 376 2586 prudentis
400 2506 464 2568 viri
489 2504 699 2586 Pandulphi,
726 2503 854 2568 domini
881 2524 983 2587 papae
1008 2507 1148 2570 subdia·

197 2605 274 2668 coni
291 2603 525 2668 etfamiliaris.
561 2602 698 2666 Exinde
715 2603 881 2684 praedicto
894 2604 1032 2668 domino
1047 2624 1147 2687 papae

200 2703 415 2779 Innocentio,
441 2703 585 2786 ejusque
611 2701 790 2766 catholicis
815 2704 1083 2780 successoribus,
1112 2712 1147 2768 et

197 2803 352 2865 ecclesiae
386 2802 567 2877 Romanae,
598 2800 783 2864 secuudum
818 2801 1046 2883 subscriptam
1078 2803 1146 2866 for·

198 2921 288 2964 mam
305 2900 446 2965 fecimus
463 2909 498 2964 et
510 2901 729 2984 juravimus;
753 2908 787 2963 et
806 2900 1003 2980 homagium
1026 2901 1146 2981 ligium

197 3001 232 3063 in
251 3001 437 3082 praeseutia
454 2999 583 3062 domini
608 3018 721 3082 papae,
745 2999 775 3062 si
800 3019 915 3063 coram
932 3019 973 3063 eo
988 3019 1063 3064 esse
1083 3021 1146 3083 po·

196 3101 352 3175 terimus,
374 3099 484 3161 eidem
504 3097 689 3176 faciemus3
713 3117 929 3161 successores
953 3109 1090 3164 nostros
1111 3109 1146 3164 et

196 3198 349 3262 haeredes
365 3197 407 3260 de
419 3217 527 3261 uxore
538 3204 658 3261 nostra
670 3197 705 3260 in
721 3205 924 3280 perpetuum
937 3199 1145 3280 obligantes,

196 3305 235 3361 ut
245 3298 350 3382 simili
366 3297 468 3360 modo
488 3316 622 3360 summo
645 3296 812 3377 pontifici,
831 3297 890 3378 qui
913 3316 975 3379 pro
992 3306 1145 3380 tempore

194 3396 310 3473 fuerit,
332 3403 368 3459 ct
389 3395 543 3460 ecclesiae
567 3395 747 3471 Romanae,
774 3395 847 3458 sine
874 3396 1146 3460 contradictione

195 3496 342 3558 debeant
371 3493 572 3559 fidelitatem
603 3501 770 3576 praestare
803 3502 838 3558 et
865 3493 1064 3576 homagium
1093 3516 1145 3558 re·

193 3613 413 3675 cognoscere.
468 3593 522 3658 Ad
552 3593 713 3657 indicium
746 3601 859 3657 autem
891 3592 994 3675 hujus
1018 3602 1146 3657 nostrae

193 3702 369 3775 perpetuae
388 3692 610 3773 obligationis
628 3700 664 3756 et
674 3693 919 3767 concessionis,
936 3692 1096 3756 volumus
1111 3701 1147 3757 et

229 3871 342 3943 urea]
354 3877 417 3925 This
424 3890 532 3937 passage
539 3875 654 3924 hasbeen
679 3876 712 3924 tis
725 3875 771 3923 riri
786 3875 944 3938 Pundulpbi,
959 3877 1056 3926 domiui
1071 3893 1146 3940 papae

192 3945 266 3995 made
279 3945 464 4006 unintelligible
480 3944 568 4006 hythe
585 3959 655 3993 care-
680 3945 829 3993 subdiaconi
846 3946 1026 4008 etfamiliaris,
1038 3948 1146 3997 fidelita-

192 4016 302 4064 lessness
319 4015 348 4063 of
362 4015 404 4063 the
421 4016 518 4063 scribe:
534 4015 554 4062 it
564 4013 655 4062 should
680 4019 730 4063 tem
748 4013 839 4062 exinde
856 4011 996 4078 praedicto,¹
1014 4021 1063 4066 etc.
1098 4018 1147 4067 See

191 4086 233 4145 be,
243 4087 277 4133 ‘a
292 4085 348 4133 Deo
366 4090 392 4133 et
415 4085 525 4133 ecclesia
542 4084 656 4132 Romanu
682 4084 730 4132 Dr.
738 4079 871 4144 Lingard’s
883 4090 949 4147 note,
961 4087 1011 4135 vol.
1019 4087 1056 4136 iii.
1069 4101 1094 4147 p.
1104 4092 1146 4138 33.

190 4160 311 4214 tunquam
327 4154 492 4214 feodatarius,
506 4154 657 4213 recipientes
716 4150 907 4204 'Secundurina
928 4150 942 4221 ]
971 4156 1148 4207 ‘Feodarius'

192 4230 217 4273 et
229 4229 353 4285 tenentes,
364 4225 389 4271 in
401 4224 537 4284 praesentia
548 4222 656 4285 pruden·
682 4222 708 4269 iu
723 4223 751 4271 C.
