2970 5016
343 467 388 530 56
602 482 735 531 nouum
759 483 805 530 nu
827 482 1036 531 wnunovnn

184 667 308 707 auum.
346 640 417 703 sint
443 646 585 722 propter
615 640 692 724 ejus
721 641 905 705 adventum
936 648 972 704 et
1000 639 1115 703 animo
1143 645 1299 702 conster-

284 770 291 781 ·
349 739 422 802 nati
444 745 480 801 et
504 739 675 819 quomodo
693 759 812 803 omnes
834 740 987 804 civitatis
1009 746 1120 820 portae
1137 730 1297 801 ¹torratae

347 842 447 901 erant
472 845 599 920 praeter
616 846 752 920 portam
769 840 881 903 sancti
905 837 1073 919 Stephani
1095 837 1138 900 ad
1162 843 1298 918 partem

348 936 593 1018 aquilonalem,
612 944 857 1019 contraquam
879 938 1068 1001 exercitum
1086 955 1188 998 suum
1208 927 1298 998 'col-

350 1035 464 1098 locare
489 1036 663 1099 consuluit
690 1044 726 1100 et
753 1037 933 1113 suadebat,
957 1036 1096 1099 mittens
1122 1034 1297 1116 quandam

351 1135 422 1215 regi
445 1133 591 1211 clavem,
613 1154 683 1216 qua
704 1136 825 1200 valvas
842 1142 961 1217 posset
975 1152 1140 1197 reserare.
1192 1132 1298 1196 Cum·

350 1252 419 1313 que
449 1226 600 1297 universi
628 1232 850 1298 Hierusalem
873 1234 1030 1297 obsidere
1052 1232 1298 1305 decrevissent,

351 1331 423 1395 dux
456 1332 669 1413 Burgundiae
695 1353 772 1397 cum
804 1332 969 1397 fratribus
992 1331 1128 1413 Templi
1156 1339 1191 1395 et
1218 1350 1297 1394 cum

353 1430 579 1511 Francigeuis
607 1433 788 1496 consilium
818 1433 927 1495 iniens
951 1451 973 1495 a
998 1431 1177 1512 proposito
1200 1446 1299 1493 revo-

349 1538 449 1592 catus
482 1536 548 1606 est,
577 1531 637 1612 qui
662 1531 862 1595 asserebant
887 1530 1008 1594 ducem
1031 1549 1109 1593 cum
1140 1527 1299 1593 omnibus

353 1628 577 1710 Francigenis
603 1631 790 1693 maximam
817 1630 946 1693 domini
976 1629 1029 1691 sui
1062 1629 1153 1709 regis
1185 1627 1297 1690 Fran-

350 1746 468 1791 corum
495 1727 659 1791 offensam
682 1730 912 1806 incursurum,
939 1728 969 1791 si
990 1747 1052 1809 per
1070 1746 1189 1791 eorum
1218 1727 1298 1789 sub-

350 1826 548 1889 ventionem
575 1826 617 1890 de
637 1834 737 1891 tanta
761 1834 890 1891 ettam
914 1826 1047 1890 famosa
1073 1827 1214 1890 civitate
1234 1845 1297 1888 rex

353 1924 548 1988 Richardus
573 1926 831 2007 triumphasset,
857 1946 919 1990 noc
948 1926 1066 2007 aliqua
1088 1925 1200 1988 laudis
1227 1925 1297 1987 vic-

351 2023 441 2086 toria
466 2023 533 2104 ipsi
557 2023 636 2087 duci
655 2025 712 2088 vel
733 2025 958 2107 Francigeuis
981 2024 1246 2100 adscriberetur,
1268 2023 1298 2086 si

351 2122 395 2184 ab
410 2121 460 2184 eis
477 2128 577 2185 tanta
592 2123 714 2188 civitas
731 2133 923 2207 caperetur.

431 2294 581 2374 Quomodo
595 2296 660 2361 duc
675 2297 871 2383 Burpuudiae
886 2297 1029 2362 donar-iia
1044 2296 1215 2361 Sabadioi

524 2405 686 2481 corruptus
700 2418 721 2459 u
739 2405 824 2460 terro
838 2405 946 2460 mucia
962 2398 1125 2460 recesserit.

405 2512 546 2582 Nuntii³
567 2520 704 2583 interim
730 2540 752 2583 a
780 2520 866 2583 duce
896 2520 939 2583 ad
970 2520 1193 2584 Salaadinum
1217 2519 1301 2582 diri·

225 2590 308 2680 'mu'
353 2625 494 2698 guntur,
516 2618 589 2696 sed,
611 2618 692 2700 quid
716 2619 862 2699 egerint,
884 2627 964 2682 acta
987 2627 1022 2683 et
1049 2638 1127 2701 quae
1150 2637 1301 2701 sequun-

356 2723 412 2779 tur
432 2736 539 2799 opera
554 2716 778 2782 manifestant
795 2738 803 2796 ;
831 2737 908 2780 nam
924 2726 1025 2782 nocte
1042 2718 1203 2800 quadam,
1219 2736 1301 2798 rege

354 2811 548 2896 Anglorum
571 2817 662 2899 apud
685 2827 836 2880 castrum
861 2816 1042 2898 praelatum
1065 2823 1300 2881 commorante

283 2967 287 2973 .
354 2920 390 2976 et
416 2914 503 2978 duce
535 2935 611 2978 cum
644 2916 716 2978 suis
746 2916 838 2997 apud
869 2916 1085 2980 Bethonoble
1116 2917 1300 2991 existente,

354 3013 556 3093 explorator
573 3014 664 3094 regis
678 3014 855 3091 Richardi,
873 3013 895 3078 J
900 3034 1022 3078 umaus
1039 3016 1188 3090 nomine,
1204 3014 1301 3077 audi-

355 3109 406 3172 vit
423 3111 574 3174 sonitum
597 3113 825 3192 gradientium
845 3114 1053 3178 camelorum
1075 3122 1111 3179 et
1125 3114 1300 3177 hominum

354 3208 396 3270 de
430 3218 546 3272 moute
572 3210 863 3289 descendentium,
894 3232 982 3295 quos
1009 3214 1160 3277 latenter
1182 3214 1300 3276 subse·

354 3314 455 3370 cutus
478 3310 645 3391 comperit
666 3311 802 3375 eosdem
827 3331 848 3375 a
870 3310 1056 3375 Salaadino
1080 3312 1301 3377 transmissos

354 3425 465 3488 usque
498 3407 541 3470 ad
579 3418 694 3473 castra
733 3411 831 3474 ducis
865 3430 943 3473 curn
974 3413 1125 3494 quinque
1158 3411 1300 3475 camelis

353 3524 440 3570 auro
466 3514 501 3570 et
532 3518 677 3589 argento
712 3519 746 3573 et
776 3508 900 3590 opibus
931 3512 1078 3587 onustis,
1106 3511 1298 3592 pannisque

353 3605 472 3668 sericis
496 3613 531 3670 et
551 3607 629 3671 aliis
646 3608 798 3672 donariis
820 3609 950 3673 multis,
1003 3609 1215 3691 Explorator
1237 3629 1299 3673 au·

353 3710 422 3767 tem
439 3705 482 3768 ad
508 3726 622 3788 regem
643 3708 779 3770 concito
795 3727 917 3788 gressu
944 3708 1140 3789 regrediens
1157 3708 1231 3771 haec
1250 3708 1301 3772 illi

351 3803 468 3867 omnia
490 3806 674 3883 nuntiavit,
698 3807 938 3890 accipiensque
959 3806 1128 3889 quosdam
1143 3807 1186 3870 do
1202 3808 1302 3871 sami·

387 4015 395 4048 ¹
406 4019 513 4068 Terratae
521 4015 544 4088 ,·]
562 4022 685 4083 probably
697 4022 736 4071 ior
745 4023 753 4051 ⁴
762 4039 813 4073 ser·
823 4016 827 4081 l
839 4023 902 4088 brt]
918 4025 1064 4075 ‘Collocure
1074 4025 1200 4075 suadebat
1206 4025 1223 4087 ς’
1234 4026 1301 4088 Cog-

350 4089 431 4146 ralae‚'
450 4090 496 4137 but
514 4090 555 4138 the
571 4091 640 4139 word
654 4091 683 4140 of
698 4092 741 4141 the
760 4100 813 4143 text
839 4094 1010 4157 gesbalacol.
1021 4099 1079 4145 821.

350 4171 440 4205 occurs
451 4160 505 4207 also
516 4160 542 4207 in
554 4161 721 4222 coggeshale.

387 4224 526 4277 'Collucere
545 4231 663 4279 consuluit
682 4236 706 4281 et
727 4233 811 4280 mde-
872 4230 1002 4297 3λίυιίἱί]
1023 4232 1191 4297 Coggeshule,
1203 4234 1266 4285 ibid.
