2970 5016
343 479 411 546 888
602 489 737 539 noorai
762 487 809 536 nn
832 484 1041 535 wranovna

183 669 306 710 anans.
344 649 406 731 qui
426 666 490 710 suo
512 640 682 727 superiori
700 644 839 708 obedire
857 649 1095 708 contemnunt.
1151 640 1210 704 No
1231 641 1296 722 igi·

344 755 403 810 tur
439 745 641 808 mandatum
673 751 830 808 nostrum
863 741 1153 824 tergiversatione
1180 739 1298 823 cujus-

344 864 449 927 quam
473 844 592 907 valeat
617 842 787 924 impediri,
816 838 1187 905 excommunicationis
1217 856 1297 901 cau-

344 962 419 1006 sam
439 941 696 1025 pra-dictorum,
714 959 795 1003 cnm
816 940 951 1004 eoeteris
972 957 1052 1020 quae
1076 937 1122 1000 ad
1146 937 1215 1001 boc
1236 956 1296 1000 ne·

344 1042 478 1122 gotium
502 1040 742 1122 pertinuerint,
763 1039 864 1102 vobis
890 1038 1055 1100 duximus
1077 1037 1297 1100 committen-

344 1139 454 1218 dum;
489 1158 551 1221 per
574 1136 767 1220 apostolica
788 1137 889 1200 vobis
917 1136 1049 1217 scripta
1077 1135 1296 1209 mandantes,

345 1245 518 1319 quatenus
535 1238 706 1318 protinus,
722 1235 816 1299 omni
836 1234 1071 1318 appellatione
1087 1233 1296 1316 postposita,

345 1336 541 1418 procedatis
570 1336 662 1398 sicut
689 1334 845 1398 videritis
882 1332 1059 1415 expedire.
1134 1330 1241 1410 Quod
1268 1331 1297 1393 si

346 1454 416 1498 non
433 1431 573 1510 omnes,'
589 1440 625 1497 et
640 1440 778 1496 caetera.

410 1605 461 1668 Do
474 1603 613 1669 electieae
626 1603 769 1688 muyiatri
784 1601 920 1666 Simonis
933 1601 971 1665 de
987 1601 1176 1686 Lcuyauau
1190 1601 1237 1665 ud

619 1702 776 1766 eccesiam
787 1700 1018 1764 mamm.

183 1845 285 1896 »maa
410 1825 513 1890 Circa
538 1824 611 1889 dies
638 1826 726 1889 istos
748 1825 905 1888 canonici
930 1823 1163 1887 Eboraceusis
1188 1822 1296 1885 eccle·

183 1895 318 1984 m
347 1925 421 2001 siae,
447 1925 556 1988 multo
578 1922 653 2006 jam
674 1931 827 2004 tempore
852 1929 994 2004 pastore
1017 1920 1166 1997 viduati,
1190 1922 1296 2003 impe·

182 1993 323 2091 ffli'
348 2030 441 2086 trata
467 2041 491 2086 a
517 2041 598 2102 rege
624 2021 775 2096 licentia,
800 2020 844 2083 ad
871 2020 1074 2084 electionem
1103 2019 1294 2084 faciendam

183 2091 298 2180 maor
346 2120 478 2202 pariter
507 2126 768 2197 convenerunt3
810 2126 846 2182 et
878 2117 960 2181 licet
987 2117 1107 2181 multis
1137 2118 1296 2199 precibus

345 2215 494 2280 fuissent
510 2235 532 2278 a
549 2235 630 2296 rege
647 2218 773 2296 rogati,
788 2225 829 2280 ut
838 2216 1034 2280 Walterum
1049 2215 1093 2279 de
1110 2215 1213 2292 Grai,
1224 2215 1297 2280 Wi-

347 2315 565 2396 gorniensem
587 2315 799 2396 episcopum,
821 2316 887 2378 sibi
916 2315 1133 2396 susciperent
1155 2315 1194 2377 in
1219 2333 1296 2397 pas-

347 2420 468 2488 torem,
494 2419 711 2495 repugnante
729 2421 845 2476 tamen
863 2412 1081 2486 illiteratum,
1102 2413 1218 2494 ipsum
1235 2413 1296 2476 eli·

347 2530 429 2593 gere
461 2509 681 2586 distulerunt,
707 2519 935 2575 veruntamen
959 2512 997 2573 in
1024 2511 1194 2574 electione
1217 2530 1297 2593 pro-

347 2609 508 2673 cedentes
529 2610 708 2690 elegerunt
725 2610 928 2689 magistrum
951 2609 1125 2672 Simonem
1142 2609 1188 2672 de
1207 2609 1299 2672 Lau·

347 2715 486 2788 petens,
500 2707 641 2771 fratrem
660 2708 910 2789 archiepiscopi
927 2707 1204 2784 cantuariensis,
1222 2729 1296 2790 spe-

348 2813 465 2869 rantes
495 2814 638 2887 propter
670 2805 746 2888 ejus
779 2806 958 2869 scientiam
986 2805 1142 2869 favorem
1173 2807 1295 2870 summi

346 2904 519 2984 pontificis
548 2905 713 2966 obtinere.
774 2903 855 2980 Sed,
879 2924 958 2968 cum
980 2903 1073 2967 facta
1101 2905 1227 2969 electio
1253 2906 1296 2969 ad

347 3002 439 3081 regis
469 3001 679 3063 audientiam
710 3003 937 3084 pervenisset,
965 3003 1058 3065 misit
1082 3005 1225 3067 nuntios
1252 3004 1294 3068 ad

347 3099 478 3160 curiam
513 3098 721 3175 Romanam,
754 3100 815 3181 qui
855 3108 978 3164 contra
1019 3101 1224 3165 electionem
1260 3105 1295 3166 in

346 3196 533 3277 praesentia
559 3195 689 3259 domini
717 3216 818 3279 papae
847 3200 1068 3279 exceptiones
1098 3199 1298 3282 hujusmodi

347 3294 587 3373 induxerunt;
626 3295 826 3376 allegabant
864 3298 955 3359 enim
997 3297 1295 3381 archiepiscopum

348 3392 632 3456 cantuariensem
654 3395 746 3474 regis
768 3393 906 3476 Angliae
927 3396 1063 3458 hostem
1085 3415 1162 3459 esse
1184 3398 1296 3479 publi·

348 3510 439 3567 cum,
467 3500 508 3555 ut
529 3493 588 3574 qui
613 3493 799 3556 baronibus
819 3492 958 3574 Anglioe
980 3494 1195 3558 incentivum
1217 3517 1296 3560 con-

348 3597 404 3653 tra
426 3608 541 3670 regem
572 3590 718 3653 eundem
739 3593 887 3673 praebuit
909 3600 945 3656 et
964 3611 1185 3671 consensum,
1208 3596 1297 3659 unde

348 3688 379 3750 si
410 3688 523 3751 dictus
556 3687 687 3763 Simon,
722 3691 782 3771 qui
818 3689 924 3754 frater
959 3697 1014 3753 est
1046 3691 1297 3776 archiepiscopi

348 3787 540 3861 memorati,
584 3787 628 3850 ad
671 3788 1005 3870 archiepiscopatum
1043 3788 1297 3855 Eboracensem

349 3891 620 3965 promoveretur,
642 3904 714 3965 pax
735 3887 828 3967 regis
850 3895 885 3951 et
908 3888 1007 3967 regui
1027 3887 1085 3949 diu
1110 3896 1206 3952 stare
1229 3911 1297 3954 non

347 3984 488 4062 poterit.
541 3982 630 4046 Haec
659 3984 777 4067 itaque
809 3993 845 4048 et
872 3985 998 4049 similia
1026 3985 1221 4066 allegantes
1247 3990 1297 4050 in-

347 4081 527 4144 commoda
551 4101 678 4163 papam
702 4084 747 4146 ad
769 4103 973 4148 consensum
1002 4085 1142 4166 penitus
1169 4087 1295 4150 indux-
