2970 5016
457 482 597 531 neonus
619 484 890 534 msroamnuu.
1082 476 1147 541 327

196 634 409 716 prophetam,
421 636 602 700 ‘Dissolve
617 637 857 719 colligationes
867 639 1067 722 impietatis,
1077 645 1146 707 sol·
1158 665 1214 704 nn.
1226 666 1281 704 rur.

196 753 238 797 ve
267 734 451 798 fasciculos
478 735 732 818 deprimentes,’
761 757 825 800 nos
855 745 961 801 tantae
987 714 1239 822 maligni-iiiii

196 834 278 896 tatis
304 833 484 897 audaciam
506 834 724 900 dissimulare
748 836 917 913 nolentes,
946 838 982 900 in
1007 848 1147 922 aposto-
1158 813 1294 913 magu

195 931 270 996 licae
286 931 379 996 sedis
395 940 642 1015 contemptum,
664 934 792 1016 regalis
805 935 896 1017 juris
916 935 1145 1019 dispendium,

196 1028 401 1112 Anglioanae
424 1032 539 1112 gentis
566 1035 797 1115 opprobrium,
825 1042 861 1098 et
880 1054 988 1116 grave
1012 1039 1146 1119 pericu-

195 1128 265 1192 lum
288 1130 395 1193 totius
417 1131 547 1211 negotii
569 1131 748 1208 Crucifixi,
771 1133 863 1214 qnod
888 1133 1008 1217 utique
1031 1137 1144 1202 immi·

195 1237 293 1292 neret
308 1230 374 1292 nisi
392 1249 454 1310 per
474 1231 716 1294 auctoritatem
730 1239 883 1296 nostram
900 1243 1144 1299 revocarentur

196 1327 323 1403 omnia,
339 1347 417 1409 quac
435 1347 457 1391 a
471 1337 571 1392 tanto
585 1329 738 1411 principe
754 1350 856 1394 cruce
873 1332 1012 1413 signato
1027 1334 1144 1399 taliter

194 1434 277 1491 sunt
293 1435 444 1504 extorta,
459 1435 493 1491 et
511 1429 587 1508 ipso
601 1428 739 1492 volente
755 1448 797 1492 ea
809 1449 960 1507 servare,
977 1450 1021 1495 ex
1044 1442 1144 1514 parte

195 1524 261 1588 Dei
277 1526 522 1607 omnipotentis
536 1525 653 1589 Patris
664 1535 699 1590 et
712 1527 792 1590 Filii
807 1537 842 1591 et
853 1528 1002 1610 Spiritus
1012 1530 1143 1608 Sancti,

195 1625 402 1688 auctoritate
413 1645 551 1708 quoque
563 1626 798 1706 apostolorum
808 1626 987 1709 ejusPetri
995 1638 1030 1692 et
1041 1628 1143 1694 Pauli

193 1742 233 1785 ac
259 1731 390 1800 nostra,
413 1724 455 1787 de
477 1724 649 1786 communi
678 1724 823 1787 fratrum
844 1735 1040 1790 nostrorum
1062 1747 1144 1791 con-

194 1821 270 1885 silio
288 1822 571 1904 compositionem
596 1821 793 1905 hujusmodi
809 1826 1031 1905 reprobamus
1049 1827 1143 1908 peni-

195 1927 250 1983 tus
280 1927 316 1984 et
341 1920 557 1997 damnamus,
583 1922 646 1983 sub
669 1922 884 1985 intimatione
913 1923 1143 1988 anathematis

193 2017 423 2100 prohibentes,
450 2020 630 2084 nedictus
655 2038 814 2083 rexeam
844 2022 1027 2085 observare
1056 2042 1143 2104 prae-

194 2126 320 2194 sumat,
343 2126 404 2183 aut
424 2121 570 2182 barones
588 2138 664 2181 cum
689 2119 912 2200 complicibus
933 2121 1006 2183 suis
1021 2111 1140 2203 'ipsam

193 2217 338 2296 exigant
364 2218 554 2292 observari,
586 2224 655 2280 tam
682 2217 850 2291 chartam,
879 2238 983 2299 quam
1008 2220 1141 2302 obliga·

193 2315 305 2378 tiones
322 2334 381 2378 seu
399 2316 591 2391 cautiones,
608 2334 835 2399 quaecumque
851 2336 914 2399 pro
931 2319 1008 2400 ipsa
1024 2319 1079 2382 vel
1098 2320 1141 2382 de

192 2413 271 2493 ipsa
291 2422 374 2477 sunt
393 2414 507 2491 factae,
529 2414 706 2477 irritantes
732 2416 868 2496 penitus
891 2424 926 2478 et
951 2425 1141 2494 cassantes,

193 2517 233 2575 ut
250 2512 345 2575 nullo
363 2532 515 2595 unquam
535 2520 688 2595 tempore
703 2512 856 2594 aliquam
874 2511 1025 2577 habeant
1039 2514 1144 2579 firmi·

191 2616 310 2674 tatem.
356 2610 455 2675 Nulli
469 2630 565 2693 ergo,
581 2619 616 2675 et
629 2619 766 2675 caetera.
818 2611 855 2675 Si
870 2611 947 2692 quis
962 2620 1090 2689 autem,
1106 2621 1141 2676 et

195 2717 331 2773 caetera.
394 2710 527 2774 Datum
548 2710 720 2791 Agnaniae
746 2729 839 2772 nono
864 2708 1031 2773 kalendas
1055 2711 1140 2793 Sep·

193 2809 344 2886 tembris‚
361 2809 583 2890 pontificatus
601 2809 709 2873 nostri
727 2826 819 2871 anno
833 2807 966 2872 decimo
979 2804 1125 2873 octavo?

290 2979 427 3045 Invoctio
438 3002 534 3066 pape
548 2981 584 3046 in
601 2980 725 3046 barones
740 2979 865 3066 duplic
872 2981 969 3065 fucta
976 3002 1040 3066 pro

504 3081 713 3163 persecutione
727 3081 817 3165 repta.

242 3200 399 3265 Cessatis
421 3202 513 3267 hunc
535 3205 570 3267 in
593 3205 733 3267 modum
761 3202 977 3267 libertatibus
999 3200 1289 3283 praediernmte

193 3299 251 3375 tis,
273 3300 361 3364 idem
382 3320 475 3384 papa
495 3303 682 3367 baronibus
700 3300 839 3382 Anghae
857 3301 995 3382 scripsit
1012 3301 1048 3362 in
1068 3299 1141 3363 haec
1154 3273 1275 3372 {iffi

192 3398 324 3476 verba;
359 3393 622 3465 ¹‘Innooentius
652 3400 845 3482 episcopus,
873 3415 994 3461 servus
1024 3372 1239 3462 servo-⁰¹²³*

193 3515 268 3558 rum
292 3497 372 3574 Dei,
400 3500 572 3562 nobilibus
596 3499 680 3563 viris
702 3498 840 3578 Angliae
871 3496 1031 3578 spiritum
1060 3514 1143 3558 con-

194 3593 263 3656 silii
291 3597 450 3661 sanioris.
521 3598 665 3661 Utinam
697 3596 733 3659 in
763 3594 1012 3678 persecutione,
1038 3611 1143 3675 quam

193 3699 322 3757 temere
346 3696 582 3760 commovistis
608 3695 774 3759 adversus
797 3694 972 3757 dominum
991 3698 1143 3755 vestrum
1256 3774 1261 3783 .

122 3848 125 3853 .
194 3811 322 3872 regem,
340 3794 576 3858 attendissetis
594 3792 798 3876 prudentius
820 3789 994 3855 fidelitatis
1010 3789 1144 3870 praesti·

193 3897 238 3952 tae
271 3890 520 3972 juramentum,
551 3893 611 3975 jus
649 3891 849 3973 apostolicae
885 3888 987 3964 sedis,
1015 3893 1143 3951 nostrae

193 3990 402 4068 provisionis
424 3991 639 4066 mandatum,
659 3998 695 4054 et
712 3989 929 4070 privilegium
948 4005 1049 4050 cruce
1071 3986 1142 4066 sig·

192 4088 284 4151 natis
312 4089 505 4167 indultum3
540 4089 622 4172 quia
649 4087 874 4170 proculdubio
900 4105 969 4148 non
995 4085 1045 4147 sic
1067 4103 1142 4165 pro

438 4246 445 4276 ¹
459 4247 636 4310 innocentiae]
656 4247 759 4308 ltymer,
770 4245 789 4294 i.
801 4260 827 4305 p.
840 4246 896 4292 1³6.
