2970 5016
456 453 596 501 uuoaas
620 453 889 503 ursronrauuu.
1078 442 1144 506 319
1208 505 1210 509 ,

190 610 410 676 haereditario
431 611 667 694 debebantur3
690 615 751 678 sed
774 634 837 678 rex
860 616 1034 696 negotium
1059 617 1143 681 illud
1159 630 1283 671 ΛΜΗ·

189 710 326 775 distulit
343 711 453 776 donec
466 720 683 777 sacramento
697 713 861 795 legalium
876 715 1052 779 hominum
1065 735 1143 798 pro-

191 810 311 872 batum
343 810 466 874 fuisset
488 812 571 893 quid
597 812 639 876 de
662 812 743 895 jure
774 813 920 894 singulis
952 814 1144 892 deberetur,

191 909 289 972 etad
311 908 378 973 hoc
399 911 534 991 plenius
556 912 812 992 exsequendum
836 913 1016 976 constituit
1033 914 1144 978 omni·

191 1007 256 1070 bus
272 1007 362 1072 diem
378 1009 470 1090 apud
487 1010 835 1074 westmonasterium
846 1011 980 1074 decimo
996 1013 1144 1092 septimo

192 1103 361 1170 kalendas
378 1106 542 1188 Augusti.
588 1107 826 1172 Veruntamen
849 1109 1038 1192 Stephano,
1052 1110 1143 1174 Can-

193 1205 359 1268 tuariensi
372 1205 642 1289 archiepiscopo,
656 1207 804 1271 reddidit
814 1216 965 1271 castrum
980 1208 1144 1273 Roffense

194 1310 228 1366 et
239 1304 362 1367 turrim
378 1304 648 1382 Londoniarum,
664 1325 742 1386 quae
753 1306 796 1369 ad
808 1306 883 1389 ejus
896 1307 1088 1371 custodiam
1103 1309 1145 1371 de

189 1400 269 1484 jure
282 1403 427 1485 antiquo
441 1405 657 1486 spectabant.
689 1404 748 1476 Et,
762 1405 812 1468 sic
827 1406 942 1470 soluto
958 1406 1143 1488 colloquio,

194 1500 341 1564 barones
355 1521 433 1565 cum
448 1502 579 1566 chartis
601 1502 757 1585 praelatis
775 1502 818 1567 ad
835 1505 954 1568 urbem
970 1504 1144 1568 Londoni-

195 1617 293 1662 arum
307 1602 437 1664 reversi
455 1609 549 1665 sunt.

226 1772 268 1837 Ut
292 1794 346 1837 rea
370 1772 528 1837 Jobaaca
554 1773 600 1836 ad
627 1771 750 1837 Vestam
777 1771 915 1837 insulam
938 1772 1067 1837 latenter
1092 1791 1122 1835 se

259 1871 411 1936 diamasa
426 1869 590 1935 baronibus
604 1870 739 1935 occultus
748 1873 917 1956 paraverit
934 1872 1079 1936 iusidias.

248 1994 515 2071 Recedentibus,
530 2001 569 2059 ut
585 1995 715 2058 dietum
737 2001 803 2070 est,
825 1995 867 2058 de
889 1994 1062 2077 colloquio
1085 1995 1145 2057 ba·
1160 2011 1278 2101 getptpp

199 2094 351 2170 ronibus,
382 2112 445 2157 rex
471 2092 664 2175 Anglorum
698 2093 749 2158 ita
778 2094 874 2157 solus
905 2095 1082 2170 remansit,
1108 2073 1279 2161 utorio?

198 2193 259 2256 vix
284 2193 349 2256 sibi
371 2199 503 2275 septem
532 2192 668 2273 equites
691 2192 734 2256 de
762 2194 902 2275 propria
929 2192 1060 2256 familia
1087 2212 1147 2256 su·

198 2300 401 2373 peresscnt3
436 2291 507 2371 qui,
529 2296 630 2354 nocte
655 2289 716 2354 illa
737 2290 774 2353 in
796 2299 911 2355 castro
932 2292 975 2355 de
990 2289 1146 2356 Windle·

199 2389 321 2453 shores
350 2389 424 2453 sine
456 2389 571 2471 quiete
599 2389 792 2471 quiescens,
815 2398 896 2455 ante
927 2390 1039 2453 lucem
1064 2410 1146 2453 con·

200 2488 299 2551 fusus
324 2497 360 2551 et
387 2488 503 2551 animo
532 2487 634 2551 nimis
664 2495 905 2551 consternatus
929 2488 973 2550 ad
999 2486 1148 2551 Vectem

200 2587 349 2650 insulam
370 2586 521 2651 latenter
541 2584 708 2667 confugit,
730 2586 789 2648 ubi
814 2580 866 2648 ¹in
886 2586 1033 2666 angaria
1054 2604 1149 2648 men-

202 2686 245 2748 tis
266 2685 466 2768 aliquandiu
489 2684 699 2748 constitutus
724 2683 907 2767 exquisitis
930 2692 1149 2764 argumenta·

201 2784 353 2848 tionibus
370 2784 596 2865 excogitavit,
615 2789 821 2864 quocontra
838 2784 988 2845 barones
1007 2781 1150 2845 ultionis

202 2896 328 2964 genere
341 2889 508 2947 uteretur.
560 2881 716 2945 Tandem
739 2889 819 2964 post
840 2880 1082 2945 meditationes
1096 2881 1148 2943 di-

203 3000 332 3058 versas,
348 2981 385 3044 in
401 2981 535 3044 dnobus
548 2979 685 3062 gladiis,
699 2999 777 3043 cum
795 2979 902 3045 Petro
925 2980 1096 3062 apostolo,
1114 2979 1150 3043 id

202 3080 307 3143 estin
331 3079 504 3161 spirituali
526 3086 561 3143 et
576 3079 760 3155 materiali,
782 3081 827 3144 ab
845 3079 1004 3144 hostibus
1019 3077 1150 3143 vindic·

204 3187 274 3242 tam
290 3198 443 3260 quaerere
459 3178 649 3261 praeelegit,
665 3186 717 3255 nt,
739 3177 768 3241 si
794 3178 827 3241 in
846 3198 915 3241 uno
939 3198 1007 3241 non
1029 3177 1150 3259 possit,

202 3277 237 3340 in
260 3277 371 3341 altero
393 3276 599 3340 fiducialiter
622 3275 860 3358 triumpharet.
906 3276 957 3339 Ut
979 3283 1093 3338 autem
1115 3277 1151 3339 in

203 3377 319 3457 gladio
333 3376 504 3456 spirituali
517 3382 724 3457 percuteret,
742 3375 836 3438 misit
860 3372 904 3436 ad
926 3374 1056 3436 curiam
1078 3374 1151 3437 Ro-

203 3493 340 3538 manam
357 3473 614 3557 Pandulphum,
627 3473 757 3538 domini
773 3492 872 3555 papae
893 3471 1153 3548 subdiaconum,

239 3697 289 3748 ¹1»
312 3701 418 3763 augurat
440 3700 559 3764 mentm]
592 3701 667 3748 ‘'l'hc
692 3700 767 3748 turall
787 3698 961 3753 norishment;
991 3696 1023 3744 he
1042 3694 1153 3744 whetted

204 3769 283 3831 linge
293 3785 348 3818 was
359 3771 427 3832 right
437 3771 579 3819 sorrowiull
591 3772 616 3819 in
627 3770 667 3819 his
694 3769 733 3819 his
744 3769 821 3829 teeth,
832 3767 864 3817 he
875 3767 920 3816 did
931 3767 983 3814 bite
995 3781 1051 3813 now
1063 3780 1095 3813 on
1106 3779 1153 3821 one

204 3838 285 3899 heart,
306 3839 398 3888 curscd
420 3839 460 3887 his
488 3839 584 3888 mother
613 3838 668 3887 that
693 3839 767 3887 stulie
778 3837 828 3886 and
841 3851 899 3885 now
910 3835 1068 3884 onauother
1081 3833 1153 3883 ashe

204 3908 264 3956 bare
276 3908 338 3969 him,
348 3908 391 3957 the
402 3908 482 3957 honre
492 3908 547 3956 that
564 3908 596 3956 he
613 3922 668 3957 was
693 3903 1009 3968 walked,andoftbrake
1026 3902 1154 3951 thesaure

204 3977 291 4037 horne,
311 3977 361 4026 aud
384 3977 426 4026 the
445 3991 511 4040 paps
530 3979 585 4026 that
603 3991 668 4038 geue
694 3977 719 4024 in
739 3977 825 4036 pleces
843 3975 917 4023 when
934 3974 965 4021 he
983 3972 1035 4021 had
1051 3966 1154 4030 doone;‘

205 4047 257 4094 him
277 4046 352 4109 such,
366 4046 477 4108 wishing
494 4046 549 4095 that
566 4045 598 4093 he
618 4045 668 4094 hed
695 4045 847 4104 Holinshed,
876 4059 903 4107 p.
933 4046 989 4105 186,
1016 4040 1155 4090 translated

204 4115 323 4165 recalued
352 4115 428 4165 death
454 4117 487 4177 by
509 4116 622 4163 violence
644 4114 673 4162 of
693 4114 756 4162 from
768 4114 852 4163 Paris.

205 4185 288 4233 swerd
312 4199 341 4233 or
359 4185 440 4247 unite,
462 4185 559 4234 instead
580 4184 609 4233 of
625 4198 669 4231 na-
