2970 5016
374 453 419 516 86
630 466 764 515 nocnnr
788 467 835 514 nn
858 465 1066 514 wannovnn

418 696 460 762 Ut
475 717 529 760 rec
541 695 718 782 Aaplorum
734 695 771 760 de
786 695 926 781 captione
939 715 998 758 aaa
1012 693 1050 758 de
1064 693 1141 758 duce
1155 697 1294 760 Austriae

556 796 677 859 domim
687 817 782 880 pope
802 793 957 881 querelam
971 793 1153 881 deposuerit.

219 941 341 983 narra.
430 920 535 985 Anno
561 920 754 984 Dominicae
779 918 973 983 nativitatis
1000 935 1137 982 uoxcv.
1161 911 1240 982 ¹rex
1269 919 1333 982 Ri-

217 991 529 1091 ellli'lmschardns
557 1019 600 1083 ad
627 1019 742 1082 sedem
769 1018 995 1101 apostolicam
1025 1017 1166 1081 nuntios
1192 1017 1333 1094 direxit,

219 1091 348 1190 illimis·
382 1120 442 1201 qui
467 1118 714 1201 inpraesentia
741 1116 871 1181 domini
896 1135 998 1200 papae
1024 1116 1205 1180 constituti
1227 1116 1332 1179 talem

220 1188 315 1281 ‘iffi
382 1218 616 1299 deposuerunt
645 1216 844 1298 querelam
877 1215 1015 1281 ‘Pater
1041 1221 1173 1292 sancta,
1202 1214 1335 1279 salutat

385 1317 626 1381 excellentiam
658 1322 810 1379 vestram
848 1333 911 1378 rex
945 1314 1139 1396 Anglornm
1174 1313 1334 1377 dominus

386 1422 503 1480 noster
526 1414 733 1490 Richardus,
755 1421 790 1477 et
812 1414 965 1496 postulat
988 1414 1054 1476 sibi
1076 1413 1249 1497 justitiam
1273 1433 1335 1476 ex-

386 1513 494 1577 hiberi
523 1513 565 1577 de
593 1513 679 1577 duce
701 1512 867 1589 Austriae,
889 1513 949 1593 qni
973 1513 1086 1593 ipsum
1113 1511 1156 1576 de
1180 1513 1335 1594 peregri-

388 1613 528 1676 natione
548 1632 612 1676 sua
634 1619 705 1676 tam
725 1611 898 1675 laboriosa
919 1618 1149 1675 revertentem
1167 1612 1271 1692 cepit,
1288 1617 1336 1687 et,

388 1712 489 1775 aliter
519 1731 622 1794 quam
655 1718 792 1775 tantum
825 1710 1014 1792 principem
1043 1709 1169 1787 decuit,
1198 1706 1335 1785 afflixit,

388 1810 599 1891 imperatori,
621 1828 662 1872 ac
685 1810 715 1872 si
736 1809 799 1873 bos
822 1817 914 1872 esset
936 1808 992 1871 vel
1014 1809 1144 1885 asinus,
1170 1808 1336 1884 vendidit,

389 1910 448 1992 qui
479 1907 699 1991 postmodum
729 1909 831 1970 ambo
859 1926 1002 1988 regnum
1025 1908 1101 1991 ejus
1128 1907 1337 1971 intolerabili

390 2007 633 2089 redemptionis
655 2004 771 2069 debito
788 2007 1035 2070 contriverunt.
1089 2006 1164 2088 Ipsi
1185 2005 1338 2088 insuper,

390 2124 413 2170 a
437 2105 643 2169 Christianae
675 2103 755 2166 fidei
789 2104 923 2185 legibus
958 2124 1026 2168 non
1058 2105 1174 2182 alieni,
1205 2106 1241 2168 in
1276 2105 1339 2168 tali

392 2223 475 2267 casu
496 2203 571 2284 regi
601 2202 741 2265 detento
764 2202 927 2283 graviora
953 2211 1183 2267 exercuerunt
1206 2201 1340 2286 judicia

393 2321 497 2383 quam
519 2303 593 2384 ipse
616 2300 822 2364 Salaadinus
844 2301 985 2378 faceret,
1003 2303 1033 2364 si
1055 2303 1091 2365 in
1107 2301 1267 2366 manibus
1289 2302 1339 2385 ip

393 2401 465 2463 sius
492 2420 554 2482 per
584 2399 694 2463 simile
727 2398 952 2464 infortunium
980 2399 1185 2480 incidisset3
1219 2409 1340 2464 contra

392 2518 492 2579 quem
515 2498 605 2562 idem
620 2518 683 2561 rex
700 2517 722 2562 a
737 2498 863 2561 linibus
879 2506 993 2575 terrae,
1013 2499 1134 2563 relicto
1151 2506 1258 2581 regno'
1275 2519 1340 2563 nu·

391 2617 454 2681 per
475 2596 614 2680 adepto,
636 2597 757 2661 relicta
778 2597 904 2679 patria,
928 2599 1130 2680 parentibus
1150 2607 1186 2663 et
1207 2597 1340 2675 amiciS,

392 2695 618 2760 dimicaturus
647 2695 813 2760 ascendit.
866 2696 977 2760 Sciret
999 2696 1143 2761 forsitan
1167 2697 1258 2778 regis
1280 2717 1341 2778 ge-

393 2796 574 2858 nerositati
604 2795 705 2858 simul
730 2803 766 2858 et
787 2795 953 2877 probitati
980 2797 1054 2859 sive
1081 2795 1256 2879 majestati
1289 2797 1341 2859 ni-

394 2894 517 2957 mirum
540 2892 684 2969 deferre,
717 2894 772 2957 cui
798 2893 859 2957 illa
885 2914 970 2975 gens
995 2896 1143 2958 barbara
1172 2903 1207 2958 et
1232 2897 1342 2958 cervi-

394 3011 477 3055 cosa
498 2991 630 3054 deferre
649 2991 817 3070 nescivit3
841 2992 902 3055 sed
925 2991 1072 3057 sortasse
1093 2992 1159 3057 boc
1176 2992 1342 3072 fecerunt,

394 3098 434 3153 ut
455 3090 521 3152 sibi
548 3088 638 3152 tanti
659 3089 751 3169 regis
777 3091 894 3170 captio
922 3110 984 3172 pro
1010 3091 1174 3155 laudabili
1198 3092 1343 3156 victoria

394 3188 634 3268 imputaretur,
659 3206 737 3249 cum
767 3207 943 3269 nunquam
973 3190 1086 3270 ipsum
1115 3190 1205 3253 bello
1236 3209 1344 3273 appe-

395 3293 468 3348 tere
498 3286 810 3367 praesumpsissent,
841 3288 872 3349 si
900 3288 1065 3352 bellicoso
1092 3307 1155 3352 suo
1188 3290 1343 3353 exercitu

395 3383 546 3446 vallatus
568 3382 700 3447 fuisset.
747 3383 824 3448 Nec
844 3386 909 3448 sibi
930 3387 1022 3467 regis
1040 3387 1265 3470 dejectionem
1282 3407 1344 3451 ex-

395 3481 549 3545 istiment
578 3483 753 3564 imputari,
782 3483 843 3546 sed
874 3482 1002 3548 divinae
1024 3486 1140 3566 potius
1164 3485 1344 3568 dispensa·

397 3581 493 3657 tioni,
519 3582 562 3643 ad
586 3582 685 3664 cujus
714 3589 836 3645 nutum
858 3590 936 3646 rota
958 3584 1061 3646 etiam
1083 3584 1232 3647 fortunae
1254 3585 1346 3648 hunc

395 3678 555 3742 humiliat
579 3685 614 3743 et
644 3680 735 3744 hunc
761 3681 907 3757 exaltat,
932 3681 1024 3744 hunc
1049 3681 1166 3765 dejicit
1191 3691 1226 3746 et
1254 3683 1346 3746 hunc

396 3777 538 3841 attollit.
590 3777 712 3842 Movet
729 3786 898 3860 praeterea
916 3799 984 3843 non
1003 3779 1221 3844 mediocriter
1237 3782 1346 3845 domi-

395 3893 477 3936 num
501 3881 656 3938 nostrum
680 3896 809 3957 regem,
830 3877 934 3958 quod,
960 3880 1025 3941 sub
1047 3897 1134 3960 pace
1153 3888 1189 3943 et
1209 3888 1347 3962 protec-

429 4047 497 4097 ¹Raeae
506 4046 668 4116 libhardus]
680 4051 858 4113 lbetexcun-
883 4055 1237 4105 Beroniussorthisaccount.
1254 4055 1348 4105 Itdoes

394 4117 439 4165 der
450 4118 492 4166 the
506 4134 576 4167 name
592 4119 621 4167 ol
635 4120 759 4170 Mattbew
772 4123 858 4183 Paris,
883 4129 925 4171 not
936 4139 1032 4184 appear
1046 4126 1072 4172 in
1087 4125 1248 4186 Newburgh,
1262 4126 1348 4174 Hore-

395 4185 474 4235 lethe
494 4188 552 4248 only
569 4189 694 4250 authority
710 4192 804 4251 quoted
824 4193 856 4252 by
882 4192 941 4251 den,
954 4193 1055 4253 Diceto‚
1066 4208 1094 4241 or
1106 4194 1253 4255 Brompton,
1263 4199 1313 4244 etc.
