2970 5016
345 464 413 528 176
604 478 736 527 aoeanr
761 478 808 525 on
829 477 1039 526 wunuovsn

363 710 413 773 De
426 710 518 775 initio
533 720 704 792 memorata
718 711 867 795 inopinis
880 719 909 774 et
923 708 1108 795 quibasdam
1122 708 1289 773 miracala

750 809 893 893 pedem.

185 949 240 989 nn.
252 950 308 989 ιιοι.
399 931 482 996 Fuit
509 932 602 1015 apud
627 934 851 1010 Damascum,
875 932 1091 1014 metropolim
1113 931 1226 1014 Syriae
1251 932 1301 994 ci·

182 1000 310 1098 Qu·
347 1031 502 1108 vitatem,
519 1033 725 1096 venerabilis
742 1032 901 1145 quaedam
918 1039 1089 1108 matrona,
1103 1050 1183 1112 quae
1201 1049 1302 1094 sanc-

182 1098 324 1198 estvm-¹
347 1129 535 1194 timouialis
561 1131 716 1195 habitum
747 1131 939 1213 suscipiens
966 1130 1044 1193 Deo
1075 1129 1300 1194 devotissime

345 1229 476 1293 servire
500 1231 682 1309 studebat3
710 1237 757 1306 et,
781 1237 820 1293 ut
842 1230 982 1293 liberius
1005 1228 1131 1292 divinis
1154 1237 1300 1292 vacaret

345 1328 533 1410 obsequiis,
564 1329 698 1393 civilem
730 1328 906 1393 declinans
936 1328 1123 1393 tumultum
1152 1347 1217 1391 sex
1252 1328 1297 1390 ab

346 1428 430 1490 urbe
453 1428 620 1511 praedicta
644 1427 814 1492 milliariis
839 1427 883 1490 ad
908 1428 1022 1492 locum
1045 1427 1214 1491 Sar-densi
1233 1446 1298 1508 ap-

346 1526 511 1609 pellatum
539 1528 694 1604 recessit,
722 1527 837 1609 ibique
865 1526 1005 1590 domum
1032 1527 1098 1590 sibi
1120 1534 1156 1590 et
1179 1534 1297 1589 orato-

345 1626 433 1688 rium
458 1626 494 1688 in
523 1626 687 1690 bonorem
711 1633 842 1689 sanctae
874 1626 941 1690 Dei
967 1626 1144 1708 genitricis
1173 1624 1298 1689 Mariae

345 1725 522 1789 aedificans
549 1725 799 1808 hospitalitatis
824 1724 973 1790 officium
995 1725 1119 1789 devote
1139 1726 1295 1807 peregri·

345 1824 400 1887 nis
417 1832 452 1888 et
465 1826 674 1907 pauperibus
687 1824 882 1889 exhibebat.
917 1824 1075 1906 Contigit
1087 1832 1203 1888 autem
1221 1843 1295 1888 mo·

344 1922 493 1987 nacbnm
521 1925 692 2006 quendam
724 1923 768 1987 de
797 1925 882 1986 urbe
906 1923 1297 2005 Constantinopolitana

343 2023 511 2086 orationis
539 2025 654 2104 gratia
679 2032 715 2087 et
736 2040 837 2086 sacra
865 2021 1085 2086 Hierusalem
1109 2022 1187 2086 loca
1212 2023 1296 2085 visi·

344 2121 441 2184 taudi
458 2122 587 2197 venire,
605 2123 664 2204 qui
680 2141 701 2185 a
718 2121 973 2186 sanctimoniali
994 2120 1142 2205 praefata
1157 2121 1194 2184 in
1214 2121 1296 2185 hos·

343 2219 465 2301 pitium
492 2227 546 2283 est
567 2220 748 2284 caritative
771 2229 956 2303 receptus3
988 2239 1091 2303 quem
1113 2239 1192 2284 cum
1214 2240 1296 2303 cog-

343 2317 498 2383 novisset
522 2318 566 2381 ad
593 2326 750 2382 sanctam
772 2318 913 2384 tendere
938 2319 1128 2396 civitatem,
1153 2321 1294 2402 rogavit

344 2435 422 2480 eum
444 2416 619 2482 humiliter
639 2426 674 2483 et
693 2419 830 2495 devote,
853 2427 893 2482 ut
915 2419 1050 2483 rediens
1069 2418 1220 2482 adfemet
1239 2439 1296 2483 se·

342 2535 419 2580 cum
434 2516 477 2581 de
491 2525 614 2581 sancta
628 2518 768 2608 civitate
787 2518 1008 2583 Hierusalem
1022 2519 1170 2582 iconiam
1185 2538 1295 2601 quan·

341 2615 434 2694 dam,
459 2616 493 2681 id
519 2625 574 2681 est
598 2617 771 2699 quandam
800 2618 955 2682 tabulam
980 2618 1165 2700 depictam,
1186 2637 1293 2699 quam

342 2717 377 2779 in
404 2717 556 2781 oratorio
583 2736 648 2780 suo
674 2724 819 2799 poneret
841 2725 876 2781 et
897 2737 975 2800 quae
996 2717 1061 2780 sibi
1085 2717 1199 2781 oranti
1224 2717 1292 2781 Dei

341 2815 519 2897 genitricis
552 2816 738 2898 imaginem
771 2824 1045 2898 repraesentaret.
1107 2815 1172 2880 Ille
1208 2836 1292 2881 vero

341 2914 488 2979 fideliter
503 2915 661 2996 promisit
677 2935 715 2979 se
732 2915 879 2978 iconiam
898 2914 949 2978 illi
965 2915 1172 2979 delaturum.
1219 2915 1290 2994 Qui

339 3032 418 3077 cum
448 3012 728 3096 Hierosolymam
759 3015 984 3097 pervenisset,
1006 3014 1155 3096 expletis
1183 3017 1291 3078 orati-

340 3112 464 3175 onibus
493 3112 578 3188 suis
602 3114 656 3176 sui
685 3114 863 3177 immemor
889 3115 1048 3195 promissi
1081 3113 1192 3177 redire
1221 3114 1292 3177 dis-

340 3211 479 3291 posuit;
511 3230 657 3294 cumque
679 3213 745 3277 iter
766 3211 936 3294 arripiens
959 3233 981 3277 a
1002 3213 1144 3277 civitate
1166 3213 1291 3277 fuisset

339 3327 511 3391 egressus,
527 3331 607 3375 ecce
625 3331 695 3375 vox
719 3312 845 3376 emissa
864 3311 907 3374 de
925 3312 1011 3376 caelo
1028 3311 1118 3376 dixit
1134 3312 1179 3376 ad
1199 3332 1291 3391 eum,

339 3407 550 3487 ‘Quomodo
576 3431 679 3475 manu
703 3430 813 3475 vacua
835 3411 961 3475 siccine
989 3412 1105 3475 redisl
1140 3411 1211 3475 Ubi
1237 3422 1291 3476 est

339 3508 465 3586 iconia,
489 3530 593 3592 quam
618 3519 651 3575 te
671 3510 924 3575 sanctimoniali
946 3511 1140 3574 delaturum
1162 3513 1291 3592 promi·

339 3610 415 3673 sisti
425 3610 456 3673 l’
489 3610 534 3672 Et
549 3613 596 3674 rei
610 3629 739 3673 memor
754 3610 942 3673 monachus
959 3610 1101 3675 effectus
1115 3611 1150 3673 in
1169 3612 1290 3675 civita·

339 3716 407 3771 tem
430 3728 589 3772 reversus
603 3716 668 3780 est.
684 3716 719 3772 et
735 3708 876 3773 veniens
899 3710 943 3772 ad
960 3711 1073 3773 locum
1091 3710 1149 3773 ubi
1166 3711 1289 3774 iconiae

338 3806 575 3872 vendebantur
600 3828 716 3886 unam,
741 3826 819 3890 quae
846 3809 911 3872 sibi
940 3809 1084 3891 placuit,
1108 3828 1289 3892 compara·

338 3906 389 3970 vit
407 3915 442 3971 et
459 3927 574 3971 secum
598 3908 731 3971 rediens
754 3909 964 3991 reportavit;
991 3916 1119 3971 etcum
1138 3910 1291 3973 venisset

337 4005 380 4069 ad
418 4005 544 4082 locum,
574 4008 632 4089 qui
662 4006 747 4071 Gith
779 4007 987 4090 appellatur,
1018 4008 1076 4070 ubi
1106 4007 1161 4071 leo
1189 4007 1288 4073 ferox

337 4112 372 4168 et
397 4104 571 4168 hominum
596 4106 781 4171 devorator
801 4109 837 4170 in
860 4107 1028 4189 spelunca
1049 4107 1191 4183 latebat,
1216 4127 1290 4172 mo·

337 4203 447 4269 nacho
475 4205 627 4269 venienti
654 4225 837 4270 occurrens
865 4206 1041 4271 humiliter
1068 4207 1176 4289 coepit
1204 4207 1290 4271 lam·
