2970 5016
183 621 239 662 M).
252 622 307 662 1200.

344 434 412 500 208
605 449 739 498 uoonnr
763 448 811 496 ne
834 448 1040 497 wuuoovnn

344 608 476 691 primus
508 626 633 689 parens
664 605 799 689 generis
830 605 971 670 humani
997 603 1124 683 Adam,
1151 607 1210 689 qui
1237 627 1301 690 per

345 707 482 771 oculum
516 707 683 770 ridentem
716 705 829 769 innuit
855 705 1026 781 laetitiam,
1055 724 1159 787 quam
1194 706 1299 770 babet

345 806 389 869 de
411 806 558 870 liliorum
589 825 730 869 suorum
760 803 1005 867 salvandorum
1034 803 1198 868 ineffabili
1221 805 1298 886 glo-

344 904 548 980 rificatione,
580 911 615 967 et
642 922 705 985 per
736 903 842 966 alium
870 900 1140 985 lachrymantem
1165 902 1298 967 denun-

346 1003 413 1067 tiat
440 1002 628 1077 tristitiam,
662 1020 767 1084 quam
797 1000 903 1063 babet
923 999 966 1063 de
991 1001 1208 1081 quorundam
1231 1001 1300 1064 fili-

347 1120 444 1164 orum
470 1119 610 1164 suorum
636 1099 876 1182 reprobatione
900 1105 937 1160 et
957 1097 1056 1180 justo
1082 1098 1150 1162 Dei
1165 1099 1299 1182 judicio

345 1198 629 1263 damnandorum.
682 1196 936 1261 Vestimentum
968 1216 1037 1278 quo
1066 1198 1207 1279 tegitur,
1237 1200 1298 1261 sed

347 1298 498 1361 nondum
519 1317 562 1360 ex
583 1303 670 1373 toto,
692 1295 784 1359 stola
806 1303 860 1360 est
875 1295 1145 1359 immortalitatis
1168 1304 1203 1360 et
1219 1316 1298 1360 ves·

345 1397 392 1460 tis
420 1396 645 1478 gloriaeque
675 1395 711 1456 in
739 1394 904 1477 primaria
930 1395 1216 1476 praevaricatione
1245 1395 1299 1458 fu-

346 1502 422 1558 erat
448 1494 645 1576 spoliatus3
679 1511 758 1556 nam
793 1494 837 1556 ab
864 1490 955 1555 Abel
984 1492 1095 1576 justo,
1121 1492 1297 1570 filiosuo,

346 1611 457 1674 usque
478 1611 581 1667 nunc,
603 1591 711 1674 coepit
732 1590 821 1654 hanc
844 1598 976 1655 vestem
1006 1610 1207 1673 recuperare
1235 1612 1299 1674 per

347 1697 456 1754 totam
482 1690 630 1753 filiorum
662 1709 801 1753 suorum
827 1689 1002 1773 justorum
1031 1691 1296 1767 successionem,

346 1795 394 1864 et,
422 1789 513 1852 sicut
539 1787 646 1852 variis
670 1787 856 1852 virtutibus
883 1788 1079 1851 erutuerunt
1104 1787 1217 1865 electi,
1246 1790 1297 1852 ita

346 1887 421 1952 baec
449 1887 556 1951 vestis
587 1886 702 1951 colore
731 1888 829 1951 vario
856 1887 1075 1969 picturatur3
1106 1905 1185 1950 cum
1212 1906 1296 1951 vero

346 1985 538 2067 completus
574 1985 678 2048 fuerit
711 1984 898 2049 electorum
935 2003 1096 2047 numerus
1135 1984 1296 2062 filiorum,

346 2090 430 2147 tunc
447 2083 561 2147 Adam
579 2102 622 2146 ex
640 2091 714 2148 toto
732 2083 823 2147 stola
838 2083 1106 2147 immortalitatis
1121 2091 1158 2146 et
1173 2083 1294 2166 gloriae

346 2183 525 2257 vestietur,
541 2182 643 2244 etsie
660 2182 808 2245 mundus
825 2180 926 2277 linem
943 2179 1129 2246 sortietur!

435 2353 478 2418 Ut
494 2353 546 2417 eir
561 2353 616 2418 ille
631 2353 757 2418 ecam
773 2355 818 2418 ad
831 2375 941 2439 corpas
954 2374 1043 2418 reum
1058 2353 1197 2418 rederet.

411 2474 467 2537 Ex
489 2474 554 2538 boc
572 2475 711 2538 tandem
736 2475 813 2540 loco
836 2476 1014 2557 paululum
1036 2477 1296 2559 progredientes

344 2580 575 2654 pervenerunt
589 2574 633 2637 ad
654 2581 789 2655 portam
806 2574 980 2657 quandam
996 2575 1294 2658 speciosissimam,

346 2672 489 2752 gemmis
516 2679 676 2736 ornatam
700 2680 736 2737 et
756 2672 929 2755 lapidibus
957 2674 1143 2756 pretiosis;
1176 2694 1296 2738 murus

344 2788 407 2851 per
429 2791 552 2855 gyrum
577 2771 677 2853 quasi
705 2790 831 2836 aureus
857 2772 1033 2836 rutilabat.
1101 2772 1226 2837 Statim
1255 2782 1295 2838 ut

346 2876 481 2950 portam
503 2870 732 2946 intraverunt,
754 2871 917 2953 apparuit
934 2871 1098 2952 templum
1121 2872 1293 2953 quoddam

345 2986 486 3030 aureum
523 2967 634 3031 multo
669 2969 943 3050 magnificentius
978 2969 1096 3051 priori,
1131 2970 1168 3032 in
1201 2972 1293 3034 omni

344 3064 612 3146 pulchritudine,
650 3067 835 3131 suavitatis
870 3067 1049 3131 dulcedine
1084 3075 1120 3132 et
1156 3068 1293 3131 luminis

344 3163 559 3227 coruscantis
591 3164 784 3247 splendore,
817 3166 868 3229 ita
905 3174 945 3229 ut
981 3166 1058 3229 loca
1089 3167 1186 3248 prius
1217 3166 1294 3230 visa

344 3260 473 3324 nullius
502 3263 714 3327 amoenitatis
748 3271 990 3344 reputarentur
1020 3264 1065 3326 ad
1095 3265 1197 3327 istius
1228 3264 1294 3328 loci

343 3366 562 3441 respectum
594 3380 740 3444 cumque
773 3361 936 3442 templum
970 3362 1036 3425 hoo
1065 3361 1293 3440 introiissent,

344 3458 526 3540 conspexit
553 3477 575 3520 a
599 3457 707 3523 latero
736 3459 916 3523 aediculam
944 3460 1119 3541 quandam
1147 3460 1295 3524 mirabili

344 3555 466 3619 decore
492 3556 730 3636 refulgentem,
753 3557 789 3619 in
813 3576 883 3639 qua
913 3558 1109 3621 residebant
1131 3565 1202 3623 tres
1224 3558 1294 3622 vir·

344 3653 443 3733 gines
467 3653 652 3718 inedicibili
677 3654 930 3738 pulchritudine
957 3665 1207 3735 coruscantes;
1240 3657 1295 3722 hae

344 3758 460 3816 autern
487 3760 597 3829 erant,
624 3754 713 3817 sicut
744 3754 788 3818 ab
819 3754 1027 3835 archangelo
1057 3755 1201 3818 edoctus
1228 3764 1295 3833 est,

344 3857 467 3913 sancta
497 3851 696 3928 catherina,
725 3859 848 3916 sancta
879 3853 1081 3934 Margareta
1109 3861 1145 3917 et
1172 3863 1297 3919 sancta

345 3947 481 4014 Ositha.
521 3948 676 4027 Quarum
693 3950 980 4031 pulchritudinem
997 3970 1074 4014 cum
1092 3951 1296 4018 admirando

343 4046 646 4128 contemplaretur,
666 4058 807 4112 sanctus
833 4048 982 4113 Michael
1009 4051 1059 4112 ait
1083 4058 1207 4114 sancto
1228 4051 1295 4116 Ju-

341 4145 446 4221 liano,
469 4144 612 4210 ‘Reduc
629 4146 832 4210 festinanter
848 4148 892 4210 ad
910 4167 1036 4231 corpus
1058 4167 1159 4211 suum
1181 4150 1294 4213 virum
