2970 5016
450 478 588 527 cnonas
613 479 883 530 ursronmuuu.
1078 467 1144 532 269

192 636 249 700 Ad
276 655 364 718 quas
391 637 625 720 blasphemias
652 638 771 702 fideles
799 639 935 703 accensi
960 649 996 704 et
1021 649 1143 706 contu·
1157 657 1280 748 iffi&

191 735 303 798 meliis
326 737 519 817 provocati,
541 738 642 818 quasi
667 739 732 801 suh
752 739 853 802 trium
879 738 1042 804 horarum
1062 761 1143 824 spa·
1156 757 1282 807 *run-tu·

192 836 253 911 tio,
275 835 409 898 fossata
431 843 536 918 atque
555 856 671 900 muros
690 844 760 901 tam
784 846 943 920 potenter
959 859 1063 922 quam
1080 842 1144 905 mi·
1157 809 1291 858 mmm

192 935 358 1011 rabiliter,
381 935 467 998 duce
493 935 655 1012 Domino,
676 938 972 1002 transcenderunt.
1030 938 1146 1022 Capta

190 1034 311 1116 itaque
341 1034 498 1111 civitate,
530 1036 606 1117 ipso
638 1035 693 1099 die
722 1037 872 1118 spoliata
901 1046 937 1101 et
965 1057 1144 1117 succensa,

191 1132 285 1196 facta
316 1141 369 1196 est
394 1133 527 1197 ultione
558 1133 677 1198 divina
709 1154 753 1198 ex
781 1135 978 1199 infidelibus
1008 1146 1144 1218 strages

192 1233 367 1310 maxima3
399 1231 442 1296 de
468 1232 649 1297 catholicis
674 1253 769 1310 vero,
793 1244 955 1300 servante
982 1235 1144 1316 Domino,

192 1331 392 1412 paucissimi
424 1331 635 1396 cecideruut.
697 1333 842 1397 Exactis
873 1335 991 1416 itaque
1019 1336 1143 1399 ibidem

193 1430 313 1494 diebus
335 1432 468 1513 paucis,
493 1450 571 1494 cum
596 1452 713 1495 rumor
732 1434 821 1496 tanti
844 1434 1000 1497 miraculi
1022 1435 1145 1498 diffun-

192 1529 332 1593 deretur
354 1550 415 1612 per
433 1537 573 1608 terram,
593 1531 776 1612 dissipavit
798 1531 896 1595 Deus
919 1541 999 1596 ante
1022 1533 1145 1597 faciem

194 1649 295 1693 cruce
320 1629 549 1711 signatorum,
570 1631 670 1712 quasi
695 1631 770 1693 sine
790 1631 853 1708 eiS,
870 1631 949 1695 illos
970 1633 1029 1713 qui
1052 1633 1145 1696 hlas-

193 1728 442 1810 phemaveraut
463 1749 589 1793 nomeu
612 1736 647 1793 et
666 1730 778 1811 legem
804 1731 900 1814 ejus;
924 1750 1033 1813 usque
1057 1732 1144 1797 adeo

193 1836 308 1891 autem
332 1828 485 1892 deterriti
510 1828 650 1892 fuerunt
667 1830 853 1910 pravitatis
876 1830 1047 1894 haereticae
1070 1851 1144 1895 sec-

194 1933 337 2003 tatores,
367 1934 406 1991 ut
428 1928 472 1990 ad
501 1929 669 1991 montium
696 1928 843 1992 latibula
872 1929 1045 2010 fugientes
1071 1950 1144 1994 cre·

192 2027 320 2090 dantur
337 2026 516 2108 reliquisse
536 2027 720 2109 plusquam
741 2035 878 2091 centum
901 2038 1017 2092 castra
1035 2049 1145 2095 vacua

193 2126 283 2189 inter
299 2126 478 2190 Biternum
495 2134 530 2190 θῖ
548 2126 781 2191 Carcasouam
805 2127 931 2192 referta
951 2148 1028 2192 cum
1050 2131 1144 2193 ciba·

193 2226 253 2288 riis
278 2233 314 2289 et
330 2225 429 2290 varia
452 2226 678 2307 supellectile,
702 2245 807 2307 quam
829 2226 1003 2310 fugientes
1027 2247 1143 2293 secum

193 2325 420 2408 nequiverant
435 2332 627 2407 asportare.

303 2498 352 2563 De
368 2500 507 2585 captiuae
521 2499 661 2566 ciuitatis
676 2508 705 2564 el
721 2500 820 2564 castri
840 2501 1029 2565 Carcasone.

245 2622 372 2687 Castra
388 2625 535 2707 denique
550 2625 630 2688 inde
647 2631 825 2688 moventes
842 2642 943 2687 cruce
963 2623 1092 2705 signati
1109 2625 1145 2688 in

194 2723 283 2787 sesto
311 2726 423 2788 sancti
453 2723 550 2787 Petri
575 2724 619 2787 ad
645 2723 783 2788 vincula
811 2731 1043 2805 pervenerunt
1065 2743 1146 2804 pro·

194 2843 293 2905 spere
309 2821 555 2899 Carcasonam,
567 2823 610 2886 ad
621 2824 796 2887 civitatem
810 2823 930 2904 utique
940 2822 1145 2904 populosam

194 2923 287 2986 etin
312 2942 376 2986 sua
407 2923 562 3004 perfidia,
590 2930 661 2987 tam
692 2921 913 2986 multitudine
944 2921 1143 2985 divitiarum

194 3041 298 3105 quam
314 3022 516 3086 fortitudine
529 3023 595 3086 loci
611 3021 795 3086 admodum
809 3021 1052 3099 munitissima,
1063 3021 1145 3086 hac·

196 3129 297 3185 tenus
313 3121 530 3204 gloriantem.
576 3121 619 3185 In
635 3121 787 3185 crastino
799 3140 882 3184 vero
895 3120 988 3184 facto
1002 3121 1144 3200 insultu,

194 3219 357 3285 catholici
381 3220 474 3285 iutra
501 3222 646 3285 duarum
671 3227 733 3284 aut
750 3221 854 3283 trium
880 3219 1041 3285 horarum
1064 3242 1144 3305 spa-

194 3321 281 3382 tium
304 3321 413 3403 prima
437 3321 570 3384 fossata
592 3327 697 3402 atque
721 3339 837 3383 muros
858 3320 1146 3386 inaestimabiliter

196 3419 494 3496 transcenderunt,
517 3421 608 3483 inter
625 3420 696 3483 tela
717 3419 934 3496 balistarum,
956 3420 1047 3482 inter
1068 3421 1145 3484 lan-

195 3537 275 3582 ceas
288 3526 324 3582 et
341 3518 476 3600 gladios
492 3519 748 3583 defendentium
766 3519 969 3599 impiorum3
992 3535 1033 3579 ac
1051 3526 1145 3600 post-

196 3618 347 3694 modum,
368 3619 491 3681 erectis
515 3618 696 3695 machinis,
713 3624 838 3682 octavo
856 3616 912 3679 die
935 3624 1075 3697 captum
1093 3629 1147 3682 est

195 3717 394 3780 suburbium
415 3717 539 3800 majus,
558 3716 748 3780 interfectis
767 3715 948 3795 utrobique
965 3717 1147 3797 quamplu-

195 3817 303 3890 rimis,
318 3817 429 3898 quise
444 3817 534 3880 inter
549 3816 666 3880 hostes
680 3816 793 3878 minus
809 3814 997 3896 prudenter
1012 3814 1147 3895 ingere-

194 3915 290 3980 bant.
343 3916 555 3981 Demolitum
580 3922 634 3979 est
654 3916 791 3997 penitus
814 3913 1028 3990 suburbium,
1050 3916 1145 3997 quod

195 4014 316 4096 utique
344 4015 457 4098 majus
489 4035 564 4079 esso
593 4013 776 4078 videbatur
807 4032 950 4094 corpore
981 4013 1147 4080 civitatis.

196 4111 379 4178 conclusis
399 4115 517 4196 itaque
535 4114 692 4177 hostibus
710 4114 801 4176 inter
823 4111 1005 4193 angustias
1025 4113 1147 4177 civita-

197 4213 253 4291 tis,
287 4232 364 4277 cum
398 4215 557 4291 interius,
585 4221 654 4277 tam
688 4231 759 4293 prae
793 4211 1013 4275 multitudiue
1043 4233 1146 4295 quam
