2970 5016
407 467 471 529 154
666 481 800 528 sennar
825 481 872 527 nn
891 480 1097 529 wunnerus

247 662 295 702 nn
313 662 370 701 rm.
406 636 523 713 avelli,
545 636 606 699 sed
633 637 772 700 assidue
801 635 958 717 sugendo
988 636 1192 716 sangninem
1218 635 1360 698 eliciens

244 712 517 829 ‘v'i'n'e'g't‘iiii'totum
540 735 611 799 sere
630 755 756 817 corpus
777 737 911 798 miserae
929 735 1081 797 mulieris
1101 735 1137 796 in
1161 735 1256 797 brevi
1278 756 1357 797 con-

246 814 373 865 ΜΨ
405 836 582 918 sumpsit3
615 835 753 899 tandem
783 834 827 897 ad
855 854 1025 898 summam
1050 834 1216 915 perducta
1246 835 1360 916 inopi·

406 954 462 999 am
479 935 538 997 diu
558 954 682 1017 panem
704 934 898 997 mendicare
918 933 1071 997 ostiatim
1093 933 1272 1014 compulsa
1292 941 1359 1009 est,

407 1053 600 1116 quousque,
626 1034 745 1097 multis
770 1034 985 1097 intuentibus
1010 1041 1046 1095 et
1073 1031 1225 1095 divinam
1252 1032 1358 1095 ultio-

408 1152 485 1196 nem
507 1132 771 1209 admirantibus,
791 1133 899 1196 vitam
929 1131 1090 1195 miseram
1118 1130 1359 1195 miserabiliter

408 1232 622 1297 terminaret.

443 1379 493 1442 De
505 1378 571 1443 alio
588 1378 751 1457 miraculo,
766 1378 849 1465 quod
863 1378 897 1443 ia
907 1377 1007 1463 panis
1022 1377 1169 1442 incisione
1183 1376 1320 1462 contipr't.

249 1533 337 1572 arma
349 1532 371 1572 n
459 1503 589 1567 Eadem
606 1510 823 1586 tempestate,
845 1503 881 1566 in
901 1503 1078 1585 provincia
1097 1499 1359 1565 Northanbum-

247 1584 363 1673 iiii?
408 1603 560 1680 brorum,
591 1603 746 1684 plebeius
775 1602 915 1685 qnidam
949 1602 1050 1664 uxori
1079 1621 1152 1664 suec
1183 1599 1360 1682 praecepit,

408 1711 447 1765 ut
471 1702 621 1785 quodam
646 1702 703 1765 die
733 1703 870 1764 sabbati
900 1720 1024 1783 panem
1054 1700 1089 1763 in
1118 1701 1270 1764 crastino
1300 1719 1358 1763 co-

408 1801 613 1864 medendum
635 1809 798 1883 pararet3
825 1820 903 1881 quoe
930 1800 993 1863 viri
1020 1801 1201 1881 praeceptis
1227 1800 1359 1861 obtem-

409 1920 546 1983 perans,
571 1919 649 1962 cum
677 1920 801 1983 panem
828 1899 924 1962 illum
952 1899 1026 1964 viro
1051 1918 1115 1961 suo
1139 1899 1174 1961 in
1205 1899 1358 1960 crastino

408 1998 655 2064 comedendum
683 2000 866 2063 obtulisset
890 2007 926 2062 et
955 1998 1014 2061 ille
1049 2017 1173 2079 panem
1206 1996 1357 2059 incidere

408 2097 585 2178 coepisset,
608 2116 663 2160 res
692 2098 780 2161 mira
805 2098 952 2179 contigit
975 2105 1011 2160 et
1038 2096 1163 2159 seculis
1188 2095 1359 2170 inaudita,

408 2196 577 2277 siquidem
610 2197 754 2277 sanguis
787 2216 905 2259 recens
935 2196 1113 2259 cultellum
1140 2195 1204 2259 viri
1234 2214 1358 2277 panem

408 2294 591 2359 incidentis
613 2295 665 2358 ita
686 2302 827 2358 secutus
849 2304 914 2371 est,
936 2314 977 2358 ae
999 2295 1029 2357 si
1051 2294 1093 2358 de
1116 2295 1227 2358 bestia
1250 2314 1360 2375 nuper

408 2395 523 2457 occisa
540 2393 773 2476 perfluxisset.
827 2393 897 2458 Hie
919 2403 1035 2458 autem
1053 2413 1155 2457 casus
1174 2392 1301 2456 multos
1315 2394 1360 2456 ab

408 2492 606 2576 hujusmodi
623 2493 785 2576 operibus
802 2493 1025 2576 compescuit,
1043 2513 1121 2557 cum
1138 2493 1180 2556 ad
1199 2492 1359 2555 notitiam

408 2591 585 2655 hominum
603 2593 829 2675 pervenisset.

448 2738 491 2803 Ut
506 2739 687 2825 Goffridus,
703 2736 909 2802 Eboroceasr'a
923 2738 1181 2824 areht'epiecepcs,
1198 2735 1337 2802 omnibus

730 2836 814 2901 bonis
827 2838 978 2922 spoliatus
990 2839 1041 2902 eit.

248 2993 362 3033 ramn-
460 2959 532 3023 Sub
547 2959 667 3022 diebus
688 2960 765 3023 istis
782 2958 984 3037 Gausridus,
1004 2959 1233 3023 Eberaeensis
1250 2958 1361 3021 archi-

247 3042 399 3142 'imina
410 3059 606 3139 episcopua,
633 3077 678 3120 ex
704 3058 867 3123 mandato
896 3060 988 3140 regis
1016 3060 1040 3123 J
1043 3059 1188 3123 ohannis
1220 3051 1362 3140 ¹spolia-

247 3142 391 3192 ΜΝ*
411 3164 468 3219 tus
488 3164 542 3219 est
561 3156 720 3219 omnibus
741 3158 840 3221 bonis
864 3159 918 3221 sui
936 3158 1265 3241 archiepiscopatus,
1282 3150 1364 3220 'Ja-

410 3254 517 3317 cobus
544 3254 646 3331 enim,
674 3256 865 3320 vicecomes
892 3257 1131 3333 Eboracensis,
1154 3264 1190 3319 et
1215 3257 1364 3319 ministri

411 3352 500 3437 ejus,
519 3354 673 3418 maneria
692 3354 785 3418 illius
801 3357 903 3420 simul
919 3364 955 3421 et
973 3357 1175 3420 clericorum
1192 3356 1362 3419 virorum-

342 3484 347 3495 ·
411 3471 478 3534 que
502 3452 741 3535 religiosorum
763 3457 999 3537 possessiones
1017 3456 1185 3521 violenter
1205 3456 1363 3536 aggressi

410 3552 503 3615 hona
532 3573 649 3616 eorum
681 3553 873 3618 distrahere
912 3562 1231 3637 praesumpserunt3
1272 3553 1364 3616 unde

411 3650 500 3715 idem
530 3651 808 3735 archiepiscopus
837 3653 860 3717 J
864 3655 1009 3717 acobum
1039 3652 1221 3736 praefatum
1253 3654 1364 3716 nomi-

411 3751 518 3813 natim
544 3752 871 3829 excommunicavit,
893 3760 928 3816 et
950 3754 986 3816 in
1007 3772 1132 3834 genere
1156 3770 1275 3815 omnes
1302 3752 1365 3814 hu-

405 3848 465 3932 jus
494 3849 667 3914 violentiae
695 3859 866 3928 auctores,
898 3852 1026 3934 quique
1051 3872 1166 3932 regem
1196 3838 1363 3914 adsersus

409 3968 486 4011 cum
523 3950 559 4011 in
591 3950 677 4011 iram
712 3957 748 4012 et
782 3950 1054 4032 indignationem
1093 3958 1364 4014 commoverant.

1088 4072 1324 4080 o———.—.-
1340 4076 1360 4082 ,-

446 4111 584 4177 'Spoliatus
603 4120 639 4164 ert
659 4115 769 4165 omnibus
784 4117 873 4180 bonta]
935 4113 1089 4187 ’Jocobue'j
1107 4118 1243 4167 ‘Jacobus
1260 4119 1294 4168 de
1315 4121 1368 4169 Pe·

410 4184 533 4244 ('onrpare
546 4185 585 4233 his
597 4185 706 4234 conduct
718 4186 810 4248 beloW,
826 4204 872 4237 un·
898 4195 969 4238 terne
978 4183 998 4250 ς’
1012 4188 1148 4250 Heroden,
1160 4202 1186 4249 p.
1199 4192 1258 4238 811.

407 4253 454 4300 der
465 4253 507 4302 the
520 4269 579 4314 year
594 4259 664 4304 120⁷.
