2970 5016
184 646 239 686 ab.
250 646 306 686 lm.

185 697 264 745 lingna

184 746 264 785 (ibam

184 795 285 834 annulled
293 796 307 834 b

184 844 290 894 tbepopo.
307 805 321 843 y

342 460 408 524 324
597 469 732 518 aocnar
756 469 804 515 nn
827 467 1036 516 wnnnovna

344 647 503 691 reversus
526 628 568 691 ad
591 648 650 691 cor
671 627 747 690 Deo
767 635 802 690 et
824 627 979 690 ecclesiae
999 625 1177 689 humiliter
1198 626 1298 689 satis·

345 727 439 804 secit,
464 728 673 801 intantum,
702 726 793 807 quod
823 746 892 789 non
919 726 1030 789 solum
1062 743 1298 806 recompensa-

347 826 475 889 tionem
503 845 566 906 pro
587 826 721 888 damnis
747 831 782 888 et
807 825 1059 888 restitutionem
1084 822 1245 887 exhibuit
1259 824 1298 885 de

348 924 486 1000 ablatis,
508 943 626 986 verum
653 924 759 986 etiam
786 923 974 1004 plenariam
1000 922 1199 985 libertatem
1223 941 1298 984 con-

347 1024 428 1086 tulit
441 1023 594 1086 ecclesiae
604 1022 825 1102 Anglicanae3
844 1021 1053 1102 quinimmo,
1066 1028 1296 1101 utraquesen-

349 1123 459 1184 tentia
482 1120 651 1193 relaxata.
670 1139 814 1202 regnum
829 1139 929 1182 suum
951 1128 1023 1183 tam
1037 1118 1180 1198 Angliae
1198 1138 1299 1200 qnam

350 1218 529 1283 Hiberniae
552 1221 654 1282 beato
675 1218 782 1282 Petro
802 1227 838 1281 et
854 1218 1007 1282 ecclesiae
1025 1216 1199 1280 Romanae
1222 1237 1300 1280 con·

349 1320 465 1394 cessit,
487 1319 656 1400 recipiens
672 1318 757 1381 illud
781 1336 802 1379 a
821 1317 920 1381 nobis
942 1318 978 1379 in
996 1315 1135 1379 feodum
1156 1319 1222 1380 sub
1240 1337 1299 1380 an-

350 1437 418 1480 nuo
433 1437 538 1480 censu
558 1419 652 1480 mille
670 1434 874 1492 marcarum,
898 1415 1075 1478 fidelitatis
1100 1416 1201 1478 nobis
1224 1417 1298 1478 inde

349 1517 506 1597 praestito
529 1516 741 1599 juramento,
770 1516 860 1578 sicut
891 1534 951 1595 per
977 1514 1198 1595 privilegium
1226 1515 1297 1596 ejus

350 1622 494 1696 apparet
504 1635 610 1678 aurea
621 1615 716 1678 bulla
732 1614 910 1676 munitum.
939 1611 1299 1676 Adhucetiamomni·

350 1715 483 1793 potenti
512 1714 589 1777 Deo
611 1711 759 1794 amplius
781 1711 918 1794 placere
940 1711 1140 1774 desiderans
1163 1713 1297 1791 signum

350 1812 496 1875 vivificae
517 1815 629 1876 crucis
644 1820 841 1875 reverenter
855 1811 1000 1891 accepit,
1024 1809 1244 1891 profecturus
1266 1812 1298 1872 in

350 1911 540 1974 subsidium
571 1921 673 1976 terrae
698 1917 840 1984 sanctae,
863 1909 907 1971 ad
936 1908 1028 1990 quod
1054 1928 1092 1971 se
1120 1910 1300 1990 magnilica

351 2013 582 2090 praeparabat.
635 2009 700 2073 Sed
720 2008 860 2071 humani
884 2009 1020 2089 generis
1045 2008 1222 2084 inimicus,
1243 2009 1298 2089 qui

350 2126 486 2188 semper
501 2109 682 2172 consuevit
699 2109 796 2171 bonis
814 2109 948 2171 actibus
963 2107 1128 2182 invidere,
1141 2109 1217 2170 suis
1233 2108 1299 2170 cal·

351 2204 429 2267 lidis
453 2208 584 2269 artibus
607 2208 773 2269 adversus
796 2227 874 2270 eum
898 2208 1045 2269 barones
1063 2205 1205 2287 Angliae
1224 2227 1300 2269 con-

351 2303 484 2380 citavit,
500 2305 551 2368 ita
567 2312 618 2382 ut,
637 2305 757 2370 ordine
775 2325 949 2388 perverso,
966 2306 1002 2367 in
1025 2305 1122 2367 illum
1146 2306 1300 2386 insurge·

352 2410 429 2466 rent
455 2412 637 2486 postquam
661 2424 848 2469 conversus
871 2404 1026 2468 ecclesiae
1046 2403 1229 2480 satisfecit,
1246 2404 1302 2485 qui

353 2500 568 2567 adsistebant
593 2503 702 2566 eidem
727 2504 866 2585 quando
891 2503 1070 2566 ecclesiam
1096 2502 1299 2566 offendebat.

353 2600 441 2664 Orta
455 2602 622 2683 siquidem
640 2603 800 2666 intereos
816 2603 1039 2666 dissensionis
1056 2603 1216 2678 materia,
1227 2622 1300 2665 cum

353 2699 469 2781 plures
501 2701 573 2764 dies
605 2702 728 2764 statuti
760 2702 906 2765 fuissent
938 2701 981 2764 ad
1015 2701 1234 2763 tractandum
1262 2701 1302 2764 de

352 2816 448 2878 pace,
473 2801 633 2881 utrinque
654 2801 792 2863 interim
816 2801 986 2863 solemnes
1012 2800 1124 2861 nuntii
1152 2800 1198 2862 ad
1226 2819 1301 2862 nos·

353 2904 441 2958 tram
465 2898 603 2960 suerunt
625 2900 844 2978 praesentiam
865 2899 1050 2974 destinati3
1084 2918 1163 2961 cum
1182 2900 1302 2979 quibus

353 2994 471 3059 habito
498 2997 654 3078 diligenti
680 3005 844 3073 tractatu,
869 3003 948 3077 post
976 2996 1112 3077 plenam
1135 2997 1302 3060 delibera·

354 3094 482 3156 tionem
500 3095 698 3176 scripsimus
713 3116 775 3177 per
789 3096 925 3159 eosdem
944 3094 1134 3175 Stephano,
1153 3095 1301 3159 Cantua-

353 3192 456 3254 riensi
472 3192 744 3277 archiepiscopo,
757 3204 792 3258 et
803 3194 974 3275 episcopis
988 3192 1207 3273 Anglicanis,
1220 3214 1301 3275 prae

353 3291 510 3372 cipiendo
541 3294 756 3369 mandantes,
789 3300 828 3356 ut
858 3292 900 3355 ad
930 3291 1181 3354 reformandam
1215 3296 1303 3356 iuter

353 3398 518 3472 utrosque
543 3412 659 3455 veram
684 3401 718 3455 et
747 3393 883 3474 plenam
910 3391 1128 3454 concordiam
1155 3392 1301 3473 diligens

354 3489 589 3570 impenderent
614 3491 766 3552 studium
795 3498 830 3554 et
852 3510 992 3572 operam
1020 3489 1208 3567 efficacem,
1231 3511 1301 3555 om-

354 3607 415 3650 nes
438 3589 693 3671 conjurationes
717 3598 751 3653 et
765 3590 1051 3670 conspirationes,
1073 3589 1102 3651 si
1127 3608 1208 3669 quae
1231 3590 1301 3652 ine·

354 3695 433 3749 rant
464 3687 551 3750 sorte
582 3697 801 3769 praesumptae
830 3708 851 3751 a
878 3697 1032 3769 tempore
1058 3689 1213 3751 subortae
1236 3688 1302 3751 dis·

353 3786 478 3848 cordiae
503 3787 593 3849 inter
620 3806 762 3867 regnum
787 3795 821 3850 et
841 3787 1084 3861 sacerdotium,
1110 3788 1301 3868 apostolica

353 3884 596 3948 denuntiantes
624 3887 831 3949 auctoritate
854 3893 1022 3960 cassatas,
1037 3894 1072 3949 et
1089 3905 1152 3967 per
1166 3906 1300 3951 excom-

352 3984 595 4047 municationis
622 3986 829 4049 sententiam
857 3985 1061 4061 inhibentes,
1084 4003 1128 4046 ne
1151 3985 1239 4048 talia
1260 3986 1300 4047 de

353 4090 479 4145 caetero
503 4093 791 4163 praesumerentur
809 4103 831 4147 a
847 4103 1021 4166 quoquam
1035 4103 1043 4162 3
1072 4094 1254 4163 magnates
1267 4090 1299 4146 et

353 4181 484 4245 nobiles
501 4179 639 4264 Angliae
663 4184 831 4247 monendo
855 4183 1041 4264 prudenter
1063 4189 1098 4245 et
1121 4180 1301 4245 efficaciter
