2970 5016
379 450 402 511 (i
636 462 770 509 noennr
797 461 843 507 nu
866 459 1076 507 wnunovnn

220 638 343 678 nnana
380 617 613 700 sequebantur
634 622 750 678 autem
773 615 852 678 illos
874 634 936 678 sex
962 616 1107 677 comites
1131 621 1167 677 ct
1190 615 1338 679 barones

219 687 370 777 Sitillia
382 724 562 799 portantes
587 715 799 779 scaccarium
822 733 941 791 unum,
970 733 1075 795 supra
1104 714 1196 795 quod
1221 716 1337 796 posita

384 822 484 878 crant
515 814 647 895 regalia
680 812 831 893 iusignia
861 819 896 875 et
921 822 1048 889 vestes,
1080 820 1248 895 sequente
1279 834 1339 878 eos

385 914 510 978 comite
527 932 596 975 uno
616 913 651 975 iu
669 911 807 974 excelso
822 930 986 975 coronam
1008 898 1149 974 auream
1165 920 1338 994 portante.

387 1012 443 1076 Ad
460 1010 618 1074 ultimum
637 1010 733 1074 venit
750 1010 822 1073 dux
841 1010 1037 1073 Richardus
1054 1009 1184 1074 habens
1205 1012 1339 1093 episco-

386 1130 468 1194 pum
489 1130 595 1173 unum
619 1129 641 1173 a
664 1110 796 1172 dextris
820 1117 856 1172 et
877 1109 982 1172 alium
1003 1128 1025 1171 a
1044 1109 1208 1185 sinistris,
1226 1116 1261 1172 et
1282 1129 1340 1173 su-

386 1230 450 1292 pra
466 1209 545 1273 illos
567 1208 805 1272 umbraculum
825 1208 970 1271 scricum
990 1209 1216 1289 portabatur;
1236 1215 1271 1271 et
1294 1209 1339 1272 ad

387 1310 510 1385 altare,
533 1315 573 1372 ut
593 1308 756 1384 diximus,
776 1307 1028 1388 pervenientes,
1050 1326 1166 1370 coram
1188 1305 1280 1372 clero
1303 1316 1339 1371 et

389 1408 528 1491 populo,
558 1407 746 1489 propositis
779 1406 1011 1469 sacrosanctis
1040 1406 1231 1487 evangeliis
1261 1426 1340 1470 cum

387 1507 612 1589 plurimorum
645 1512 844 1569 sanctorum
877 1504 1044 1585 reliquiis,
1070 1503 1218 1587 juravit,
1247 1504 1340 1586 quod

387 1624 520 1687 pacem,
540 1604 704 1667 honorem
729 1622 771 1666 ac
788 1604 1016 1666 reverentiam
1039 1603 1197 1666 omnihus
1219 1604 1339 1668 dicbus

389 1703 471 1766 vitae
502 1722 575 1765 suae
604 1702 757 1785 portabit
790 1701 867 1765 Deo
893 1710 929 1765 ct
959 1710 1091 1765 sanctae
1122 1700 1277 1766 ecclesiae
1305 1712 1341 1767 et

389 1799 465 1885 ojus
481 1801 669 1880 ordinatis;
684 1800 818 1883 juravit
833 1802 952 1878 ctiam,
969 1802 1061 1883 quod
1077 1802 1113 1864 in
1129 1802 1259 1884 populo
1274 1802 1340 1865 sibi

389 1901 572 1964 commisso
599 1907 728 1963 rectam
758 1899 931 1981 justitiam
960 1900 1147 1976 exercebit,
1182 1909 1218 1965 ct
1246 1900 1339 1981 quod

390 1999 500 2062 malas
520 1999 615 2080 leges
638 2007 673 2062 et
696 1999 834 2079 iniquas
856 1999 1135 2075 consuetudines,
1159 1999 1188 2061 si
1214 1999 1340 2081 aliquae

390 2097 518 2160 fuerint
542 2097 577 2159 in
601 2117 708 2179 regno
731 2117 808 2174 suo,
833 2097 962 2161 delebit
990 2104 1025 2161 et
1048 2098 1156 2161 bonas
1178 2099 1342 2162 observa·

390 2195 452 2259 hit.
498 2195 633 2258 Deinde
656 2204 828 2260 exuerunt
849 2216 927 2258 eum
947 2197 1106 2259 omnihus
1131 2197 1341 2261 indumentis

390 2294 463 2356 suis
481 2301 608 2374 preter
628 2296 771 2359 braccas
791 2303 827 2359 et
844 2295 1035 2371 camisiam,
1060 2313 1139 2377 quae
1162 2296 1198 2358 in
1218 2315 1341 2377 scapu-

391 2392 435 2455 lis
453 2393 585 2456 dissuta
602 2402 676 2457 erat
696 2401 837 2475 propter
856 2395 1064 2458 unctionem.
1105 2394 1341 2472 Baldcwinus,

392 2491 655 2555 Cantuariensis
685 2492 977 2575 archiepiscopus,
1007 2492 1174 2556 sandaliis
1207 2494 1342 2557 calcea-

392 2597 465 2653 tum
483 2608 568 2653 auro
588 2592 707 2666 textis,
724 2591 759 2653 in
777 2592 886 2654 tribus
906 2591 991 2655 locis
1012 2611 1089 2654 eum
1110 2593 1214 2656 unxit
1235 2594 1271 2655 in
1289 2613 1343 2657 re-

392 2708 483 2769 gem,
500 2689 661 2753 videlicet
676 2689 712 2752 in
733 2691 858 2771 capito,
877 2691 912 2753 in
930 2690 1082 2772 scapulis
1099 2699 1133 2753 et
1151 2692 1186 2754 in
1202 2692 1343 2757 brachio

393 2787 528 2864 dextro,
547 2808 625 2852 cum
643 2789 858 2852 orationibus
881 2788 924 2853 ad
951 2790 1016 2853 hoc
1036 2791 1257 2869 constitutis;
1280 2811 1344 2873 po·
1426 2784 1430 2789 ’

392 2886 461 2948 sito
478 2887 599 2950 deinde
617 2907 723 2969 super
739 2894 845 2968 caput
861 2888 935 2971 ejus
952 2907 1070 2968 panno
1086 2890 1176 2952 lineo
1193 2899 1343 2967 sacrato,

394 2984 520 3065 pileum
537 2985 684 3067 desuper
701 2986 830 3067 posuit,
847 2994 881 3050 et
899 2988 1073 3068 regalibus
1090 2988 1247 3051 indutum
1265 3008 1343 3051 ves·

394 3083 558 3160 timentis,
575 3104 652 3147 cum
674 3085 792 3148 tunica
808 3092 844 3148 et
863 3085 1061 3161 dalmatica,
1078 3086 1221 3150 tradidit
1240 3088 1271 3151 ei
1289 3107 1343 3152 ar·

393 3181 632 3264 chiopiscopus
662 3184 816 3264 gladium
846 3183 889 3245 ad
918 3182 1157 3247 malefactores
1189 3187 1343 3251 ccclesiae

394 3279 653 3360 deprimendos;
677 3302 747 3365 quo
773 3282 878 3356 sacto,
904 3281 973 3344 duo
997 3280 1140 3344 comites
1165 3282 1343 3349 calceave-

394 3387 475 3442 runt
503 3380 534 3441 ci
560 3381 720 3458 calcaria,
743 3381 951 3461 indutusque
978 3386 1117 3443 mantea
1141 3382 1343 3465 conjuratus

394 3484 447 3539 est
469 3478 514 3540 ab
531 3479 788 3560 archiepiscopo
808 3500 853 3543 ex
874 3489 973 3561 parte
997 3479 1064 3542 Dei
1086 3486 1122 3542 et
1139 3481 1344 3562 prohibitus,

394 3594 437 3638 ne
471 3577 561 3639 hunc
594 3576 756 3640 honorem
789 3579 947 3661 accipere
979 3589 1177 3660 praesumat,
1210 3582 1276 3643 nisi
1307 3583 1342 3644 in

393 3683 509 3738 mente
538 3675 664 3737 habeat
692 3685 911 3741 sacramenta
932 3686 1049 3740 tenere
1072 3696 1151 3758 quae
1174 3677 1277 3757 fecit3
1307 3690 1342 3743 et

393 3772 468 3854 ipse
485 3773 674 3856 respondit,
690 3794 727 3837 so
743 3794 805 3856 per
824 3776 992 3839 auxilium
1011 3775 1078 3839 Dei
1094 3777 1185 3839 bona
1201 3776 1268 3840 fide
1284 3779 1344 3842 oh·

393 3879 611 3936 servaturum
634 3874 749 3935 omnia
771 3875 980 3955 supradicta.
1028 3874 1163 3938 Deinde
1182 3895 1344 3940 coronam

393 3970 435 4033 de
470 3971 571 4034 altari
607 3973 780 4055 accipiens
811 3992 872 4035 rex
904 3974 1045 4037 tradidit
1074 3974 1343 4058 archiepiscopo,

392 4088 497 4149 quam
527 4070 600 4150 ipsc
631 4072 737 4153 capiti
771 4073 863 4153 regis
898 4071 1073 4154 imposuit,
1101 4082 1275 4156 sceptrum
1307 4077 1341 4138 in

393 4185 497 4229 manu
522 4168 646 4232 dextra
667 4179 701 4233 et
727 4172 860 4251 virgam
886 4170 1036 4251 regalem
1062 4171 1096 4233 in
1120 4174 1285 4252 sinistra;
1308 4183 1342 4238 et
