2970 5016
460 469 600 517 neonus
624 469 894 520 ursromsnuu.
1086 458 1154 525 225

198 626 332 691 nientcs
348 628 488 692 tandem
508 629 552 691 ad
569 627 782 693 willelmum
803 629 846 693 de
870 630 1016 706 Brause,
1039 631 1150 694 virum
1163 644 1218 685 an·
1230 646 1285 684 ¹²⁰⁸·

199 727 360 803 nobilem,
378 735 414 791 et
431 728 568 791 obsides
583 729 627 791 ab
645 748 700 803 eo,
717 730 808 792 sicut
825 731 870 793 ab
890 730 967 793 aliis
985 729 1150 807 fecerant,

198 827 392 907 exigentes,
410 826 579 904 Matildis,
596 847 685 890 uxor
702 828 857 911 ejusdem
875 827 1054 905 Willelmi,
1069 850 1149 911 pro-

198 926 348 990 cacitate
382 926 541 989 muliebri
574 928 718 990 verbum
752 928 889 1009 rapiens
919 947 964 992 ex
995 946 1055 992 ore
1083 930 1149 993 viri

197 1025 328 1088 nuntiis
351 1025 541 1106 respondit,
564 1025 725 1089 ‘Pueros
747 1044 843 1089 meos
869 1026 1009 1090 domino
1031 1035 1149 1093 vestro

198 1125 272 1205 regi
288 1122 312 1186 J
315 1124 442 1187 ohanni
464 1144 533 1188 non
555 1125 703 1202 tradam,
725 1124 808 1207 quia
825 1124 1016 1190 Arthurum
1040 1146 1147 1208 nepo-

198 1230 268 1287 tem
290 1241 404 1299 snum,
422 1243 524 1305 quem
547 1223 732 1288 honorifice
754 1224 946 1288 custodisse
968 1225 1147 1303 debuerat,

197 1322 344 1404 turpiter
365 1321 560 1386 interfecit?
611 1322 713 1401 Quod
737 1324 880 1388 verbum
901 1343 980 1387 cnm
998 1324 1051 1388 vir
1072 1324 1148 1407 ejus

197 1421 364 1497 audisset,
389 1421 581 1504 increpavit
607 1441 684 1486 eam
714 1428 750 1485 et
771 1421 874 1499 dixit,
904 1422 1046 1501 ‘Quasi
1078 1443 1148 1488 una

197 1540 242 1584 ex
270 1521 387 1585 stultis
413 1521 613 1585 mulieribus
640 1528 761 1585 contra
788 1521 963 1584 dominum
992 1529 1147 1587 nostrum

197 1639 313 1701 regem
343 1619 461 1684 locuta
489 1639 551 1700 es3
587 1640 680 1697 nam,
702 1621 732 1682 si
762 1620 875 1701 ipsum
897 1618 933 1682 in
956 1621 1074 1703 aliquo
1095 1621 1147 1685 of·

197 1718 303 1797 feudi,
335 1728 478 1800 paratus
507 1738 584 1782 snm
614 1726 649 1783 et
671 1739 730 1783 ero
752 1719 891 1784 domino
912 1738 989 1785 mco
1016 1728 1052 1784 et
1073 1720 1147 1785 sine

195 1819 372 1882 obsidibus
402 1817 614 1895 satisfacere,
636 1817 823 1883 secundum
843 1817 1014 1901 judicium
1040 1820 1145 1883 curiae

196 1936 271 1982 suae
291 1926 327 1982 et
341 1918 509 1981 baronum
532 1919 666 1999 parium
688 1936 854 1993 meorum,
870 1924 966 1982 certo
984 1917 1067 1981 mihi
1090 1936 1146 1982 as-

196 2017 335 2098 signato
352 2017 407 2080 die
424 2024 460 2081 et
475 2016 577 2081 loco!
629 2015 755 2080 Nuntii
768 2026 883 2081 antem
900 2016 944 2080 ad
959 2036 1074 2098 regem
1093 2037 1146 2081 re-

197 2116 300 2194 versi,
316 2135 395 2179 cum
413 2116 444 2178 ei
461 2135 539 2198 quau
559 2115 741 2179 audierant
757 2115 967 2193 retulissent,
983 2135 1046 2179 rex
1066 2136 1147 2197 gra·

196 2215 286 2279 viter
306 2216 527 2297 perturbatus
547 2215 640 2279 misit
657 2215 783 2278 milites
803 2233 886 2278 snos
906 2221 941 2278 et
957 2215 1146 2280 servientes

196 2315 356 2390 latenter,
376 2315 435 2397 qui
456 2314 570 2395 ipsum
587 2313 800 2378 willelmum
820 2333 898 2378 cum
919 2321 996 2379 tota
1008 2314 1148 2379 ¹familia

195 2432 261 2478 sua
293 2413 620 2495 comprehenderent
655 2422 691 2477 et
722 2413 788 2477 sibi
822 2413 887 2477 sub
920 2412 1014 2475 omni
1051 2412 1147 2478 festi·

196 2514 336 2577 natione
365 2519 643 2595 praesentarent3
676 2511 736 2576 sed
766 2510 856 2576 idem
878 2509 1075 2575 Willelmns
1101 2513 1147 2575 ab

196 2612 315 2676 amicis
337 2613 410 2675 suis
433 2612 657 2693 praemonitus
680 2630 758 2675 cum
782 2629 892 2673 uxore
918 2628 982 2673 sua
1009 2616 1045 2673 et
1066 2609 1146 2674 filiis

196 2720 237 2777 et·
256 2700 459 2794 propinquis
489 2711 534 2774 od
569 2710 774 2774 Hiberniam
803 2708 948 2788 aufugit.
1015 2708 1146 2772 Eodem

196 2830 288 2875 anno
306 2811 377 2874 albi
397 2809 554 2874 monachi
573 2809 609 2872 in
627 2809 795 2891 principio
815 2806 988 2870 interdicti
1009 2825 1147 2870 cessan-

196 2917 262 2986 tes,
281 2917 403 2992 postea
422 2909 468 2974 ad
489 2909 689 2972 mandatum
712 2907 848 2975 obbatis
870 2906 925 2969 sui
946 2905 1146 2988 principalis

195 3010 313 3073 divine
333 3008 506 3073 celebrare
525 3013 841 3090 praesumpserunt;
867 3005 940 3082 sed,
963 3005 1037 3069 haec
1059 3025 1147 3087 prae·

195 3109 347 3190 sumptio
369 3128 447 3172 cum
471 3107 515 3171 ad
544 3107 667 3170 summi
688 3105 861 3188 pontificis
885 3104 1041 3168 notitiam
1070 3125 1147 3187 per.

194 3208 359 3285 venisset,
391 3207 435 3272 ad
471 3206 637 3290 majorem
674 3206 728 3271 sui
762 3204 998 3269 confusionem
1032 3205 1145 3273 denuo

192 3314 275 3371 sunt
291 3307 460 3389 suspensi.

279 3503 321 3568 Ut
335 3524 388 3567 rac
404 3503 580 3590 duplorum
597 3503 709 3570 Othoni
726 3505 828 3588 nepoti
844 3525 897 3568 suo
911 3522 1058 3589 tuaquom

509 3604 678 3688 pecuniam
693 3602 823 3666 miserit.

244 3747 349 3813 Anno
367 3750 508 3814 Domini
524 3768 652 3815 uccrx.
676 3771 738 3815 rex
757 3750 951 3832 Anglorum
967 3748 1146 3813 lohannes
1158 3764 1215 3854 sp
1224 3766 1281 3805 1²⁰⁹.

194 3846 238 3911 ad
251 3849 368 3913 natale
384 3850 525 3914 Domini
543 3850 608 3914 luit
625 3850 717 3932 apud
735 3849 936 3913 Bristollum
950 3856 985 3912 et
1000 3848 1048 3914 ibi
1066 3867 1206 3953 cap-m
1157 3866 1206 3902 orn
1208 3864 1265 3904 uuo·

193 3954 307 4011 turam
326 3949 441 4012 avium
458 3970 519 4032 per
535 3958 643 4013 totam
661 3948 825 4031 Angliam
841 3947 1034 4012 interdixit.
1073 3947 1144 4011 De·
1158 3973 1241 4015 nonu

191 4046 272 4109 inde
290 4049 442 4112 venitm
465 4047 628 4130 Angliam
650 4049 720 4112 dux
745 4048 883 4111 Sueviae
907 4047 1081 4110 Henricus
1100 4066 1145 4110 ex

191 4154 291 4228 parte
321 4146 482 4226 Othonis,
516 4149 607 4230 regis
634 4147 918 4224 Alemannorum,
951 4146 995 4213 ad
1030 4166 1145 4228 regem

1202 3914 1274 3954 orltu

242 4284 322 4332 vor..
339 4285 393 4333 nr.
972 4286 994 4347 Q
