2970 5016
392 463 436 528 82
642 478 776 527 noonar
801 479 847 525 nn
871 476 1079 526 wunnovnn

434 708 477 772 Ut
490 728 544 771 rec
559 706 741 771 Richordas
757 728 899 771 corum-m
908 707 1093 791 portowrit,
1109 714 1137 770 et
1151 707 1259 770 statim
1271 707 1307 769 ia

617 808 658 869 N
654 806 850 871 ornronaiam
864 805 1123 890 transfretaverit.

235 961 358 1001 aanor
446 923 623 994 Subactis¹
647 930 754 1010 igitur
776 930 811 991 in
837 930 933 991 brevi
957 929 1114 991 omnibus
1140 928 1346 991 adversariis

233 1010 361 1098 {Rima
396 1029 469 1092 suis
483 1029 518 1091 in
535 1028 679 1109 Anglia,
693 1047 756 1091 rex
779 1026 975 1090 Richardns
999 1026 1143 1090 consilio
1166 1045 1344 1107 procerum

235 1108 377 1151 wmm‘
396 1146 537 1191 suorum
551 1126 587 1189 in
603 1126 736 1190 octavis
753 1124 911 1201 Paschae,
926 1125 1007 1188 licet
1020 1123 1273 1206 aliquantulum
1291 1144 1344 1186 re·

397 1227 522 1301 nitens,
540 1224 632 1315 apud
647 1224 863 1288 Wintoniam
879 1232 1064 1288 coronatus
1078 1230 1151 1311 est3
1172 1221 1345 1297 Huberto,

397 1323 655 1406 archiepiscopo
668 1321 923 1400 cantuariensi,
934 1322 1074 1386 missam
1089 1321 1295 1397 celebrante,
1310 1328 1344 1383 et

397 1422 585 1498 Willclmo,
606 1441 687 1503 rege
710 1421 902 1497 Scotorum,
926 1428 1108 1503 praescnte.
1160 1419 1296 1483 Deinde
1309 1420 1344 1481 in

397 1514 503 1585 festo²
521 1529 719 1584 sanctorum
743 1519 850 1584 Nerei
872 1526 908 1583 et
922 1519 1070 1584 Achillei
1092 1517 1181 1601 apud
1206 1517 1346 1581 Portas-

397 1618 515 1683 muthe
533 1638 657 1683 navem
674 1618 863 1682 ascendens
884 1619 919 1681 in
938 1617 1190 1682 Normanniam
1209 1616 1345 1699 appulit

397 1725 434 1780 at
449 1717 540 1799 apud
561 1710 683 1781 ³Bruis
705 1723 806 1781 nocte
828 1717 888 1780 illa
910 1717 1053 1799 quievit,
1076 1715 1135 1778 uhi
1151 1735 1265 1779 comes
1280 1715 1345 1779 Jo-

397 1815 541 1892 hannes,
573 1815 680 1880 frater
707 1815 794 1899 ejus,
826 1816 956 1897 optimo
985 1835 1067 1878 usus
1097 1814 1240 1877 consilio
1273 1816 1346 1896 rogi

398 1915 546 1997 supplex
569 1915 730 1990 occurrit,
754 1920 790 1978 et
811 1933 849 1977 se
869 1913 913 1977 ad
938 1913 1042 1996 pedes
1067 1913 1142 1996 ejus
1171 1912 1347 1976 humiliter

397 2032 477 2077 cum
503 2012 669 2076 militibus
695 2012 813 2075 multis
843 2020 1065 2094 prosternens
1092 2012 1346 2075 miserationem

398 2110 515 2174 fratris
544 2109 695 2192 profusis
725 2110 910 2194 lachrymis
937 2110 1148 2193 imploravit,
1178 2128 1284 2193 seque
1312 2111 1346 2172 in

399 2209 517 2272 multis
541 2228 709 2273 accusans
731 2208 965 2290 insipientiam
984 2208 1186 2288 confitetur;
1213 2215 1251 2272 at
1272 2228 1347 2286 rex,

399 2313 528 2371 uteret
548 2308 639 2389 pius,
663 2308 823 2372 fraternae
844 2308 1034 2372 calamitati
1054 2326 1255 2389 compassus
1279 2327 1347 2370 non

401 2417 453 2469 se'
468 2407 584 2487 potuit
608 2426 631 2471 a
656 2406 842 2491 lachrymis
872 2407 1042 2483 cohibere,
1065 2405 1125 2468 sed
1149 2404 1289 2469 fratrem
1311 2406 1347 2468 in

402 2511 494 2567 terra
518 2512 730 2587 prostratum
754 2507 890 2586 erigens
923 2506 959 2569 in
988 2504 1169 2586 pristinam
1197 2505 1347 2586 gratiam

400 2603 541 2686 recepit.

458 2775 500 2839 Ut
515 2797 569 2841 rec
583 2777 765 2843 Ilioiordur
781 2798 879 2863 repere
893 2778 1092 2842 Francorum
1105 2798 1127 2840 c
1149 2777 1292 2843 Vernolio

785 2876 961 2960 suffecerit.

237 3026 350 3067 ramim
450 2991 627 3061 Audiens⁴
650 3004 767 3060 autem
794 3017 857 3061 rex
880 2998 1075 3063 Richardus
1098 3018 1214 3081 regom
1238 2999 1349 3063 Fran-

237 3077 346 3166 ‘dffi‘n
399 3114 518 3159 corum
543 3094 748 3158 Vernolium
764 3096 943 3160 obsidione
960 3097 1121 3176 vallasse,
1144 3098 1266 3162 necin
1291 3118 1350 3180 pe·

400 3192 517 3256 trariis
545 3193 728 3274 erigendis,
751 3193 806 3257 vel
836 3196 971 3276 magnis
995 3196 1167 3278 lapidibus
1191 3216 1349 3279 compor-

400 3289 527 3366 tandis,
543 3291 599 3354 vel
624 3311 800 3355 murorum
823 3292 1097 3358 subsessionibus
1127 3297 1349 3373 excavandis,

399 3388 457 3451 vel
472 3389 508 3451 in
526 3390 726 3471 corporibus
742 3392 960 3455 obsessorum
976 3391 1181 3475 affligendis,
1201 3414 1263 3476 per
1275 3395 1349 3459 dies

398 3493 478 3550 octo
503 3506 669 3565 cessasse,
695 3488 778 3553 illuc
809 3509 887 3553 cnm
913 3490 1133 3555 festinatione
1163 3491 1347 3573 pertendit.

401 3584 561 3649 Instabat
576 3586 665 3649 enim
684 3606 830 3668 magnus
845 3587 904 3653 ille
925 3589 999 3652 dies
1016 3588 1253 3665 Pentecostes,
1276 3590 1349 3667 sed,

399 3702 442 3746 ne
464 3682 520 3747 die
541 3691 663 3747 sancto
681 3683 876 3767 Galligenae
899 3706 936 3750 se
951 3687 1133 3751 victoriam
1154 3695 1351 3770 reportasse

394 3781 582 3864 jactarent,
605 3782 790 3847 audierunt
812 3786 876 3848 sub
899 3786 975 3867 ipso
998 3786 1109 3849 noctis
1135 3788 1350 3869 crepusculo,

433 4004 592 4073 mutuata]
618 4010 789 4076 Coggeshalo,
813 4016 862 4065 col.
923 4013 1041 4079 ³Bruir.]
1066 4017 1190 4067 Hereden
1209 4018 1255 4067 has
1271 4019 1351 4067 ‘Bar-

400 4080 457 4126 820.
888 4081 1180 4147 bellet,’ior‘Bartleur,'
1191 4091 1281 4148 uuo.

433 4142 865 4202 ’Feaomctoramn'ereierlcan-
925 4152 1083 4217 ‘Ardiem.]
1114 4156 1248 4216 lloveden,
1274 4156 1353 4214 ibid.;

399 4207 454 4278 tea]
476 4214 533 4261 leth
545 4214 573 4261 oi
582 4216 661 4277 May;
678 4221 778 4270 Diceto.
891 4223 991 4284 iliceto,
1002 4224 1049 4273 col.
1061 4227 1118 4272 673.
