2970 5016
459 459 597 508 rahans
620 461 888 511 ursronranunr.
1097 448 1141 511 67

193 619 376 687 mercator,
396 611 456 693 qui
478 619 513 676 et
535 613 633 677 vobis
652 613 817 708 annulum
837 614 1052 680 transmisit!
1089 616 1273 682 Atinam.
1302 674 1304 678 Α

190 708 350 772 dominus
369 708 428 772 ille
444 709 574 773 diutius
590 711 755 775 annulum
769 711 927 785 intuitus,
946 717 956 746 ‘
969 712 1004 774 N
1007 710 1074 789 on,’
1087 715 1140 779 in-

193 807 281 889 quit,
303 805 449 887 ‘Hugo,
468 808 528 871 sed
546 828 609 872 rex
628 808 824 874 Richardus
839 809 1040 890 ,appellatur
1054 810 1077 887 ;'
1103 818 1139 875 et

194 903 334 987 adjecit,
351 905 474 969 ‘Licet
488 906 563 987 ipse
574 904 764 988 juraverim
781 925 835 970 me
851 926 971 971 omnes
986 909 1138 991 peregri-

194 1022 257 1066 nos
275 1002 319 1065 de
338 1003 494 1084 partibus
515 1003 583 1068 illis
603 1004 780 1069 venientes
799 1004 1137 1086 comprehensurum,

194 1120 257 1164 nee
280 1120 406 1165 munus
433 1101 573 1183 aliquod
599 1103 644 1165 ab
662 1103 721 1166 -eis
750 1111 982 1184 accepturum,
1009 1110 1137 1181 tamen,

194 1218 256 1281 pro
277 1197 447 1281 dignitate
472 1199 624 1263 muneris
646 1207 683 1265 et
706 1200 886 1277 mittentis,
911 1200 974 1278 illi,
996 1201 1056 1283 qui
1082 1221 1138 1267 me

193 1297 350 1378 ignotum
374 1297 425 1361 ita
449 1297 644 1374 honoravit,
668 1305 705 1361 et
730 1297 970 1363 munusculum
999 1299 1138 1363 remitto

193 1402 229 1458 et
244 1394 387 1459 liberam
401 1394 550 1459 abeundi
564 1395 738 1459 licentiam
752 1396 927 1460 concedo!
962 1394 1138 1460 Reversus

193 1492 311 1572 itaque
338 1493 479 1557 nuntius
508 1493 625 1557 omnia
651 1491 725 1556 haec
752 1491 826 1572 regi
853 1491 1037 1557 intimavit.
1088 1492 1140 1558 At

194 1588 246 1653 illi
264 1589 367 1653 valde
387 1597 586 1666 vementes,
607 1589 720 1654 media
744 1596 857 1666 noete,
878 1588 977 1671 equis
999 1608 1138 1671 compa-

194 1686 291 1761 ratis,
314 1686 358 1751 de
381 1687 467 1752 villa
487 1686 653 1769 praedicta
677 1687 812 1753 occulte
836 1688 997 1753 exierunt
1017 1695 1054 1750 et
1079 1707 1140 1769 per

195 1791 320 1848 terram
336 1784 431 1848 illam
448 1784 578 1849 diutius
592 1784 698 1848 libere
715 1791 978 1866 processerunt3
1002 1784 1062 1848 sed
1079 1784 1141 1849 do-

194 1882 306 1945 minus
322 1881 382 1947 ille
398 1881 546 1948 latenter
562 1889 642 1965 post
660 1901 720 1949 eos
738 1880 782 1944 ad
800 1881 940 1945 fratrem
961 1901 1061 1944 suum
1078 1902 1139 1945 ex-

195 1978 405 2061 ploratorem
423 1979 627 2056 transmisit,
645 1986 685 2043 ut
703 1998 818 2061 regem
835 1979 872 2042 in
891 1987 1019 2042 terram
1041 1997 1139 2042 suam

195 2076 499 2159 comprehenderet
526 2078 729 2140 venientem.
783 2076 854 2140 Ubi
881 2096 959 2140 cum
987 2097 1050 2141 rex
1079 2076 1139 2140 ad-

195 2175 360 2251 venisset,
383 2181 420 2238 et
446 2174 577 2251 urbem,
607 2174 643 2236 in
671 2192 742 2255 qna
768 2172 875 2237 irater
896 2173 1025 2238 domini
1051 2193 1140 2256 prae·

196 2270 281 2335 dicti
323 2272 536 2348 morabatur,
576 2272 751 2352 ingressus
787 2270 922 2348 fuisset,
960 2270 1141 2336 confestim

195 2369 264 2445 ille,
292 2368 459 2432 accersito
486 2369 530 2432 ad
558 2388 596 2432 se
625 2368 775 2450 quodam
802 2367 938 2432 homine
962 2387 1026 2432 suo
1048 2367 1143 2433 fidis·

196 2466 295 2543 simo,
324 2465 465 2548 Rogero
494 2467 642 2543 nomine,
670 2465 907 2529 Normannico
921 2485 1073 2547 genere,
1099 2467 1142 2530 de

198 2563 426 2646 Argentonio,
449 2563 509 2645 qui
538 2582 616 2628 cum
641 2583 682 2628 eo
710 2583 773 2644 per
798 2581 907 2626 annos
931 2563 1057 2645 viginti
1081 2583 1143 2627 ex·

199 2662 337 2727 etiterat
359 2668 395 2725 et
416 2669 554 2744 neptem
581 2681 680 2725 suam
702 2662 735 2724 ei
754 2661 989 2737 maritaverat,
1012 2678 1141 2743 praeee-

199 2761 264 2847 pit,
285 2767 326 2823 ut
347 2759 479 2836 domos,
500 2759 559 2822 ubi
581 2757 754 2841 peregrini
773 2756 1041 2838 hospitarentur,
1064 2757 1142 2820 dili·

198 2864 320 2938 genter
340 2864 626 2938 perscrutaretur,
646 2856 676 2918 si
696 2854 785 2918 forte
805 2872 921 2934 regem
942 2872 1004 2935 per
1022 2853 1142 2936 loque·

198 2955 267 3018 lam
294 2954 352 3019 vel
377 2953 517 3037 aliquod
544 2954 682 3034 signum
708 2952 889 3034 explorare
914 2958 1043 3034 posset,
1063 2971 1142 3034 pro·

199 3053 340 3116 mittens
362 3070 399 3114 se
419 3050 452 3114 ei
471 3050 690 3114 medietatem
716 3048 811 3113 urbis
839 3049 1012 3126 daturum,
1033 3049 1064 3112 si
1092 3068 1143 3114 re·

200 3168 277 3231 gem
296 3148 502 3230 intercipere
519 3150 700 3230 potuisset.
735 3146 815 3225 Quo
834 3147 1049 3228 singrrlorum
1066 3147 1142 3213 hos·

199 3247 286 3328 pitia
304 3246 561 3328 peregrinorum
577 3246 782 3326 inquirente,
798 3245 938 3309 tandem
956 3263 1073 3326 regem
1090 3265 1144 3308 re·

197 3344 313 3426 perit;
351 3342 411 3405 sed
443 3362 484 3406 eo
516 3341 646 3406 diutius
676 3341 913 3406 dissimulante
947 3341 1040 3422 quod
1070 3342 1145 3422 ipse

199 3448 287 3516 erat,
309 3439 446 3504 demum
468 3439 761 3522 [importunitate]
786 3458 926 3520 precum
948 3444 984 3500 et
1009 3438 1146 3519 lachry-

198 3556 334 3601 marum
374 3538 424 3620 pii
465 3536 680 3619 inquisitoris
725 3537 922 3618 compulsus
963 3534 1146 3598 confitetur

198 3635 290 3718 quod
326 3642 414 3712 erat,
465 3637 525 3718 qui
555 3635 674 3699 statim
706 3653 782 3698 eum
811 3632 998 3715 lachrymis
1027 3631 1146 3712 fugam

198 3734 349 3815 arripere
373 3733 561 3797 adhortans
582 3751 707 3814 equum
732 3731 962 3815 peroptimum
984 3729 1059 3809 regi
1076 3736 1147 3792 tra·

199 3906 337 3967 merchant,
346 3905 434 3957 whose
444 3907 518 3967 onely
527 3905 662 3955 commodi·
689 3908 733 3955 not
743 3903 783 3952 his
793 3917 926 3969 expensas,
936 3918 965 3951 so
976 3901 1031 3950 that
1040 3900 1082 3949 the
1089 3914 1149 3960 very

199 3975 233 4023 tie
241 3988 297 4022 war
307 3973 417 4037 himself,
423 3974 538 4022 whereas
546 3974 577 4022 he
589 3973 662 4022 made
690 3972 774 4034 poliey
785 3972 814 4020 oi
827 3986 860 4019 nn
876 3971 988 4019 hostesse
999 3968 1094 4029 finding
1111 3968 1150 4016 his

200 4043 246 4092 but
261 4057 278 4091 a
293 4043 344 4091 bad
363 4043 487 4105 bargain3
504 4042 542 4091 ior
559 4042 591 4090 he
608 4056 663 4091 was
690 4055 765 4102 purae
784 4054 812 4088 so
830 4040 869 4088 iar
887 4041 966 4087 above
985 4038 1025 4085 his
1046 4036 1152 4098 clothes,

200 4109 347 4160 discovered
364 4111 390 4159 in
402 4126 435 4160 an
451 4113 494 4159 inn
505 4111 532 4159 in
550 4111 663 4173 durbia,
690 4109 734 4157 did
756 4108 840 4156 detect
861 4107 944 4168 him3’
968 4106 1036 4168 lioly
1055 4106 1152 4165 Warre,

200 4179 310 4230 because
320 4180 353 4230 he
363 4180 497 4242 dbguised
513 4180 664 4242 hispemon,
690 4175 803 4242 lii.§1t.
1031 4245 1047 4292 ¹

1002 4254 1015 4288 r
