2970 5016
436 423 481 487 64
691 438 826 486 nonani
850 437 897 484 ns
920 437 1128 485 wanoovsn

277 617 332 658 nn.
344 619 400 657 na.
440 603 643 672 moraretur,
659 596 799 677 quidam
817 590 973 660 ¹m0rbus
987 595 1130 678 pestifer
1146 615 1190 659 ex
1209 594 1300 659 aeris
1315 615 1396 660 cor·

440 697 600 778 ruptione
622 696 826 777 proveniens
848 696 960 777 ipsum
984 714 1099 776 regem
1123 704 1158 759 et
1179 715 1298 759 omnes
1321 696 1394 760 iere

439 814 521 858 suos
539 794 730 876 perniciose
745 792 894 872 invasit3
916 801 951 856 et
966 801 1139 875 quotquot
1155 814 1199 857 ex
1215 793 1280 858 hac
1297 815 1390 858 mor·

440 893 474 956 bi
502 893 710 974 contagione
745 893 899 974 percussi
926 899 1010 956 sunt
1037 893 1139 955 eitius
1172 893 1390 973 interierunt,

440 1000 588 1073 excepto
609 1012 701 1073 rege,
718 991 868 1055 Domino
888 991 940 1054 illi
958 992 1162 1074 sospitatem
1178 992 1389 1060 conserente.

441 1090 595 1154 Cernens
610 1091 729 1173 itaque
749 1110 811 1154 rex
830 1089 1027 1153 thesaurum
1044 1109 1157 1167 suum,
1172 1110 1274 1173 quem
1291 1093 1390 1175 larga

441 1191 542 1253 nimis
564 1209 668 1252 manu
691 1196 727 1252 et
749 1189 942 1253 inconsulte
964 1189 1131 1253 militibus
1153 1189 1389 1271 distribuerat,

440 1289 608 1370 paulatim
639 1287 796 1365 deficere,
826 1287 1084 1370 exercitumque
1111 1288 1323 1352 Francorum
1356 1301 1392 1356 et

441 1388 600 1464 aliorum,
623 1406 723 1469 quem
751 1386 869 1449 multis
901 1387 1095 1469 sumptibus
1123 1386 1213 1450 datis
1230 1388 1306 1470 jam
1328 1410 1392 1471 per

442 1506 570 1549 annum
604 1486 819 1549 conduxerat
851 1504 1036 1566 secumque
1068 1485 1268 1563 retinuerat,
1299 1508 1393 1553 mor-

442 1592 503 1649 tuo
527 1585 615 1648 duce
634 1584 860 1664 Burgundiae,
878 1583 967 1646 velle
989 1585 1033 1647 ab
1056 1603 1097 1647 eo
1119 1584 1289 1663 recedere,
1310 1607 1390 1652 uec·

443 1703 510 1746 nou
530 1691 565 1746 et
584 1682 760 1764 proprium
785 1682 975 1745 exercitum
1000 1683 1163 1765 pestifera
1184 1685 1390 1765 aegritudine

442 1789 546 1864 etque
586 1781 702 1845 hostili
737 1781 980 1862 congressione
1013 1780 1189 1859 minorari,
1228 1783 1388 1849 hostilem

441 1900 579 1962 quoque
615 1899 793 1943 numerum
831 1879 941 1942 indies
977 1881 1206 1961 augmentari,
1243 1883 1388 1948 fratrum

441 1978 578 2061 Templi
601 1985 637 2042 et
657 1977 921 2062 Hospitalitatis
939 1997 981 2042 ac
1002 1980 1207 2063 principum,
1226 1982 1288 2063 qui
1309 2002 1388 2046 cum

442 2096 483 2141 eo
504 2086 615 2154 erant,
632 2077 776 2141 consilio
793 2077 837 2141 ad
860 2077 980 2141 horam
1000 2079 1190 2160 repatriare
1206 2080 1390 2162 disposuit,

442 2176 623 2240 utiterum
642 2196 783 2240 numero
805 2176 1035 2258 multiplicato
1055 2185 1091 2242 et
1109 2178 1255 2242 militum
1274 2186 1310 2243 et
1333 2200 1391 2263 pe

441 2275 621 2339 euniarum
644 2275 767 2339 fortius
795 2283 830 2340 et
854 2275 1056 2339 instructius
1085 2276 1127 2339 ed
1157 2284 1314 2342 sanctam
1341 2281 1391 2344 ci·

441 2373 584 2438 vitatem
611 2374 833 2438 obsidendam
861 2375 1110 2455 regrederetur,
1130 2375 1304 2458 juratoria
1332 2397 1393 2442 su-

440 2492 502 2554 per
518 2473 583 2537 hoc
598 2472 755 2554 praestita
773 2472 944 2537 cautione.
997 2473 1078 2537 Hiis
1099 2482 1215 2538 eutem
1231 2478 1393 2542 omnibus

440 2572 656 2654 potissimum
685 2572 770 2635 illud
801 2571 997 2654 praevaluit,
1024 2574 1117 2655 quod
1146 2567 1391 2641 ²intimabatur

440 2671 471 2734 ei
486 2672 577 2753 quod
591 2691 706 2735 comes
722 2670 745 2734 J
748 2670 901 2734 ohannes
918 2670 1026 2734 frater
1039 2671 1127 2754 ejus,
1144 2691 1246 2754 quem
1261 2673 1296 2735 in
1312 2674 1390 2739 An-

439 2770 511 2850 gliu
538 2771 737 2854 reliqueret,
762 2769 968 2833 moliebatur
992 2768 1157 2850 Angliam
1181 2771 1390 2854 subjugare;

439 2868 532 2951 quod
555 2887 593 2933 se
614 2869 704 2933 velle
727 2869 852 2944 fecere,
875 2869 923 2930 rei
945 2870 1163 2949 postmodum
1186 2872 1392 2953 comproba·

278 2989 428 3080 ΜΨ
441 2969 491 3031 vit
508 2974 663 3030 eventus
697 2967 755 3043 Et,
773 2969 856 3049 quia
871 2967 960 3030 tanti
974 2967 1138 3050 principis
1155 2970 1313 3051 tantique
1330 2989 1392 3035 ex-

278 3040 347 3137 ἷῗιῖῗ
390 3050 416 3080 ⁰⁰
440 3066 567 3129 orcitus
599 3066 763 3129 discessio
794 3085 863 3129 non
893 3066 1022 3147 absque
1051 3066 1178 3129 ibidem
1210 3087 1391 3133 remanen-

440 3165 526 3227 tium
546 3165 645 3244 gravi
668 3164 820 3245 periculo
843 3171 1012 3246 terraeque
1033 3165 1230 3248 subjugatae
1250 3167 1389 3251 dispen-

440 3261 497 3325 dio
519 3261 592 3325 fieri
612 3282 680 3326 uon
704 3264 829 3345 potuit,
852 3270 984 3344 treugae
1003 3264 1094 3328 inter
1116 3263 1333 3330 Christianos
1354 3274 1390 3332 et

440 3379 608 3442 paganos,
636 3363 815 3445 utriusque
844 3363 1017 3425 exercitus
1043 3363 1210 3445 petitione
1239 3372 1274 3427 et
1304 3385 1390 3431 con·

439 3460 529 3537 silio,
551 3467 634 3523 sunt
654 3462 866 3534 constitutae,
886 3480 907 3523 a
930 3460 1068 3524 Pascha
1088 3462 1248 3526 videlieet
1268 3466 1385 3528 subse·

439 3559 558 3641 quenti
575 3579 683 3642 usque
700 3560 743 3623 ad
759 3560 941 3623 terminum
958 3559 1061 3623 trium
1075 3579 1256 3625 annorum.

475 3730 597 3781 ¹Morbus
620 3732 760 3796 pathin]
792 3733 902 3781 Derim
963 3730 1212 3797 'latimubntareifl
1229 3735 1263 3795 by
1275 3735 1318 3784 the
1330 3738 1391 3787 arri·

438 3803 502 3850 calls
513 3802 556 3850 the
568 3801 708 3850 siclrnessa
718 3802 813 3864 typhus
824 3801 902 3862 sever,
927 3801 968 3850 vel
977 3803 1007 3851 os
1014 3803 1056 3852 the
1069 3804 1176 3864 priores
1185 3803 1322 3867 Heresord,
1332 3807 1389 3854 who

438 3867 770 3933 mdattributerthelings
781 3885 901 3931 recovery
926 3886 996 3920 came
1012 3877 1039 3920 to
1055 3872 1107 3921 him
1127 3875 1154 3920 in
1176 3873 1307 3922 Palestine
1327 3876 1388 3924 with

438 3945 464 3989 to
486 3940 528 3989 the
550 3943 635 4002 repert
653 3940 708 3988 that
725 3941 768 3989 the
786 3940 856 3988 duke
875 3940 904 3989 os
926 3941 1012 3989 letters
1024 3941 1087 3990 from
1099 3941 1141 3991 the
1153 3942 1313 4006 chunrellor;
1330 3946 1391 3994 Vin·

439 4010 580 4072 Burgundy
602 4023 657 4058 was
681 4009 849 4072 dangeromly
871 4010 899 4058 ill
926 4010 993 4070 aaut,
1005 4025 1031 4070 p.
1044 4014 1100 4061 884.

438 4081 557 4129 uthere!
575 4082 713 4140 pp.69·⁷d.
752 4087 756 4091 ⁴
