2970 5016
339 456 383 521 98
601 472 734 521 nocant
760 474 806 519 nn
830 472 1036 520 wnnnovnn

184 644 306 732 Δ-ῡιῗκ·
342 630 556 694 consessores
583 637 723 705 vocant,
755 638 789 693 et
823 630 962 710 utrique
995 647 1111 691 eorum
1140 626 1295 691 omnium

182 694 522 832 ffigkoroulparnm
547 736 583 792 et
602 730 820 792 minimarum
843 728 1077 810 quarumlibet
1100 734 1297 807 transgres-

293 818 299 831 ’
343 829 478 892 sionum
509 828 640 892 ordinis
671 829 744 890 sive
777 835 1028 909 praeceptorum
1064 826 1132 889 Dei
1159 825 1296 889 conses-

343 928 474 992 sionem
498 946 583 1008 pure
610 927 700 990 etin
723 945 860 989 summa
885 924 999 990 cordis
1026 926 1234 988 contritione
1259 932 1295 988 et

226 1046 229 1052 ·
342 1026 595 1109 lachrymarum
612 1025 776 1089 effusione
794 1024 886 1101 iecit,
909 1031 944 1088 et
967 1024 1218 1088 absolutionem
1237 1042 1296 1086 ve-

344 1124 495 1188 hementi
520 1124 689 1188 desiderio
714 1124 896 1205 quaesitam
921 1124 1086 1206 percepit,
1109 1123 1228 1204 sicque
1258 1122 1294 1184 in

345 1231 467 1287 sancta
496 1223 678 1287 devotione
708 1230 743 1285 et
773 1222 840 1286 Dei
872 1221 1032 1285 laudibus
1062 1229 1174 1285 totum
1204 1220 1294 1283 diem

345 1322 474 1403 exegit.

373 1484 416 1549 Ut
430 1485 509 1548 idem
524 1484 688 1548 attenuet-as
701 1486 842 1548 inventes
856 1485 896 1547 sit
911 1485 1002 1568 quasi
1018 1492 1154 1547 mortuas
1162 1482 1281 1567 jecere.

397 1609 563 1691 Sequenti
580 1629 662 1673 vero
683 1616 795 1684 nocte,
812 1607 947 1671 modico
961 1607 1142 1690 praelibato
1159 1626 1296 1690 sopore,

345 1728 423 1772 cum
447 1708 491 1772 ad
516 1708 705 1772 matutinas
727 1707 847 1770 tabula
868 1713 1117 1789 percuteretur,
1140 1705 1231 1770 lecto
1256 1727 1294 1770 se

347 1807 525 1872 excutiens
551 1807 617 1871 iter
642 1806 684 1869 ad
714 1807 896 1870 ecclesiam
920 1824 1107 1887 aggressus
1133 1813 1206 1884 est;
1233 1805 1295 1869 sed

347 1907 428 1987 quid
451 1905 500 1970 ihi
521 1905 603 1970 fecit
623 1924 772 1989 sequens
792 1903 915 1968 relatio
937 1904 1135 1967 declarabit.
1189 1903 1296 1967 Mane

347 2012 463 2067 autem
491 2004 584 2067 sacto
612 2004 788 2086 sequentis
817 2003 896 2079 diei,
923 2002 958 2066 id
992 2009 1045 2065 est
1071 2002 1296 2080 Parasceues,

346 2121 423 2166 cum
447 2101 571 2165 fratres
594 2102 637 2165 ad
663 2103 809 2184 primam
840 2109 1089 2182 consurgerent
1114 2109 1149 2165 et
1173 2121 1295 2165 versus

345 2199 526 2263 ecclesiam
543 2208 624 2264 ante
639 2201 828 2283 capitulum
845 2201 1028 2264 transitum
1039 2200 1205 2277 iacerent,
1217 2219 1296 2264 oon·

346 2297 496 2380 spiciunt.
512 2298 651 2362 fratrem
670 2299 815 2363 eundem
832 2307 914 2363 ante
936 2298 1051 2362 sedem
1074 2300 1222 2375 abbatis,
1238 2301 1297 2364 ubi

346 2396 472 2460 fratres
492 2399 627 2462 veniam
648 2405 764 2480 patero
791 2396 917 2474 solent,
944 2397 1044 2461 nudis
1073 2398 1218 2480 pedihus
1238 2398 1297 2480 ja·

347 2514 425 2560 cere
438 2504 661 2577 prostratum,
677 2498 776 2561 vultu
791 2497 981 2560 solotenus
997 2496 1123 2574 defixo,
1146 2497 1246 2579 quasi
1276 2516 1297 2560 a

348 2595 503 2677 quolibet
527 2596 733 2678 praesidente
756 2595 890 2660 veniam
915 2595 1129 2677 postularet3
1163 2616 1232 2677 quo
1245 2597 1295 2660 vi·

347 2713 399 2770 so,
419 2694 603 2777 stupefacti
624 2695 748 2758 fratres
769 2702 966 2771 accurrunt,
989 2703 1024 2758 et
1040 2693 1196 2758 volentes
1216 2713 1295 2758 eum

347 2793 479 2874 erigere
500 2795 596 2857 velut
614 2794 808 2857 exanimem
831 2802 866 2856 et
888 2792 962 2856 sine
986 2794 1103 2876 aliquo
1125 2795 1295 2857 membro·

347 2910 424 2954 rum
446 2901 541 2957 motu
561 2893 749 2975 reperiunt,
769 2891 877 2957 oculis
902 2892 938 2955 in
965 2892 1188 2974 profundiora
1215 2893 1296 2956 sub-

347 2989 457 3054 versis
484 2999 520 3054 et
544 2990 630 3072 ipsis
651 2989 818 3054 luminum
843 2989 982 3054 sedibus
1010 3010 1051 3054 ac
1075 3010 1161 3054 naso
1185 2992 1295 3055 multo

345 3087 515 3168 sanguine
526 3087 738 3153 madefactis.
768 3088 974 3172 Exspirasse
988 3109 1066 3153 eum
1079 3090 1296 3171 proclamant

346 3186 510 3263 universi,
537 3186 619 3249 dum
645 3195 760 3251 motus
786 3207 963 3265 venarum,
990 3189 1100 3251 multo
1124 3188 1294 3252 intercur-

345 3291 442 3346 rente
464 3286 590 3366 spatio,
610 3287 747 3367 penitus
769 3286 960 3366 amisisset;
983 3286 1043 3350 sed
1058 3307 1136 3350 cum
1154 3289 1294 3351 tandem

345 3381 546 3461 anhelitum,
562 3384 643 3448 licet
658 3385 857 3466 perexilem,
873 3387 961 3449 ineo
977 3385 1294 3467 deprehendissent,

344 3481 525 3558 cervicem,
541 3492 661 3565 pectus
677 3491 711 3547 et
725 3502 846 3547 manns
860 3503 951 3566 aqua
966 3484 1093 3565 frigida
1107 3483 1293 3548 diluerunt.

344 3576 463 3645 Primo
487 3589 699 3645 autemeam
725 3601 867 3664 corpore
892 3590 967 3646 toto
990 3582 1122 3646 modice
1146 3589 1295 3647 tremen-

343 3684 412 3741 tem
428 3679 601 3756 viderunt,
619 3679 679 3743 sed
700 3700 783 3744 mox
804 3681 985 3761 quiescens
1008 3682 1148 3745 omnino
1171 3682 1292 3746 immo·

342 3776 421 3840 bilis
441 3780 687 3860 permanebat3
715 3778 846 3843 diutius
874 3778 955 3862 quid
981 3787 1126 3861 egerent
1151 3779 1295 3844 haesita-

341 3875 438 3951 bant,
455 3875 537 3940 dum
551 3896 614 3940 nec
634 3877 771 3958 penitus
790 3879 990 3961 exspiratus
1007 3898 1071 3942 nec
1089 3877 1293 3942 melioratus

339 3972 376 4036 in
394 3975 512 4057 quuo
528 3984 735 4040 cerneretur.
789 3975 883 4041 Inito
911 3976 1049 4040 demum
1075 3977 1233 4054 consilio,
1256 3977 1293 4040 in

339 4070 561 4137 infirmariam
585 4074 682 4138 illum
710 4074 878 4151 deserunt,
908 4076 944 4138 in
975 4076 1066 4139 lecto
1094 4096 1158 4139 suo
1186 4076 1295 4140 collo-

339 4180 470 4249 cantes,
502 4174 560 4236 uhi
595 4173 757 4236 adhibitis
790 4174 990 4237 custodibus
1026 4175 1188 4256 pervigili
1212 4175 1293 4238 dili·
