2970 5016
458 458 602 508 'amans
626 458 895 508 lllS'l'ORlARUbi.
1109 448 1153 513 65

259 687 351 762 osea
365 708 420 750 ra
435 687 618 751 aroteras
629 657 667 751 a
676 689 929 772 passuram
945 688 1082 753 scaea

243 804 431 892 Tempore¹
447 810 555 891 igitur
574 812 778 887 autumnali,
801 813 947 875 navibus
970 831 1145 894 praepara·
1158 824 1281 915 iffi*

195 908 240 971 tis
260 908 487 990 omnibusque
510 909 575 971 rite
595 909 784 990 dispositis,
805 929 867 972 rex
891 909 1088 973 Richardus
1110 918 1228 1012 ethm-
1157 934 1268 1013 meg-um

198 1007 320 1086 regina
342 1024 419 1079 sua,
446 1025 525 1068 cum
551 1007 672 1086 regina
694 1005 820 1070 Siciliae
847 1027 965 1072 sorore
989 1027 1054 1070 sua
1080 1006 1103 1070 J
1106 1028 1144 1071 ο

197 1103 313 1166 banna
314 1102 540 1184 ,caeterisque
556 1104 753 1184 proceribus
769 1105 854 1180 suis,
869 1123 963 1168 mare
980 1104 1143 1169 Mediter-

196 1218 338 1263 raneum
362 1201 585 1264 transierunt.
646 1199 782 1278 Quibus
807 1221 902 1266 mare
929 1201 1142 1268 sulcantibus

195 1298 289 1361 illico
318 1299 469 1362 subortas
501 1305 584 1361 sunt
608 1298 758 1362 insolitas
787 1307 1022 1381 tempestates,
1047 1301 1141 1364 etin

195 1403 323 1458 terram
346 1396 601 1478 applicantibus
623 1395 731 1458 illatae
755 1397 1028 1477 persecutiones3
1054 1417 1139 1460 non-

196 1492 281 1556 nulli
305 1493 523 1575 naufragium
550 1501 633 1557 sunt
654 1493 828 1576 perpessi;
855 1495 995 1576 quidam
1020 1496 1055 1557 in
1083 1494 1140 1557 lit·
1228 1508 1232 1516 ’

193 1598 280 1667 tore,
298 1592 443 1654 navibus
457 1591 655 1668 continetis,
668 1592 729 1656 vix
744 1591 839 1669 nudi,
854 1591 990 1655 amissis
1004 1591 1140 1674 opibus,

193 1696 397 1768 evaserunt3
416 1690 519 1771 pauci
536 1708 619 1754 vcro
636 1688 679 1753 ad
696 1689 906 1753 destinatum
924 1691 1047 1753 salutis
1063 1709 1140 1771 por-

194 1793 267 1849 tum
279 1786 498 1868 appulerunt.
534 1786 606 1864 Qui
627 1794 743 1850 autem
759 1787 864 1850 maris
881 1795 1064 1853 evaserant
1082 1807 1139 1869 pe-

192 1883 349 1961 riculum,
364 1885 507 1948 bostiles
527 1885 619 1949 acies
636 1893 758 1948 contra
773 1903 833 1949 eos
849 1886 885 1948 in
904 1894 996 1949 terra
1013 1886 1140 1966 ubique

190 1999 398 2062 consurgere
427 1990 640 2064 repererunt,
667 1983 836 2064 aquibus
863 1982 1138 2046 immisericordi·

190 2085 245 2142 ter
266 2080 461 2161 capiuntur,
485 2080 689 2161 spoliantur,
714 2086 750 2142 et
767 2080 924 2143 nonnulli
945 2081 1043 2161 gravi
1064 2081 1139 2143 red-

190 2177 375 2258 emptionis
407 2177 524 2241 debito
560 2176 786 2258 affliguntnr3
816 2177 931 2240 nullus
966 2178 1139 2241 subterfu-

192 2273 308 2355 giendi
335 2284 411 2339 erat
438 2275 549 2352 locus,
576 2274 675 2356 quasi
702 2274 804 2337 tellus
831 2282 868 2338 et
892 2294 987 2339 mare
1016 2284 1139 2340 contra

192 2371 358 2454 fugitivos
376 2373 488 2436 crucis
508 2373 786 2455 conspirassent3
810 2372 901 2436 unde
923 2374 1010 2436 satis
1032 2374 1138 2437 mani-

192 2468 318 2534 festum
345 2478 399 2534 est
427 2472 580 2553 ipsorum
611 2488 784 2533 recessum
816 2489 1034 2553 nequaquam
1064 2471 1140 2535 Dec

192 2566 266 2631 iore
289 2575 481 2650 acceptum,
506 2569 657 2632 nondum
684 2568 825 2650 expleta
849 2569 1139 2651 peregrinatione,

194 2667 254 2748 qui
284 2667 379 2747 ipsos
412 2673 493 2748 post
528 2667 699 2730 modicum
727 2674 863 2748 tempus
893 2667 929 2728 in
961 2674 1054 2729 terra
1081 2666 1142 2729 illa

193 2763 416 2846 magnificare
436 2764 648 2841 decreverat,
670 2782 788 2826 omnes
809 2763 965 2826 inimicos
986 2762 1036 2825 eis
1059 2764 1142 2826 sub·

190 2861 342 2944 jiciendo
366 2870 402 2925 et
427 2871 567 2939 terram,
588 2881 652 2944 pro
673 2879 743 2942 qna
762 2868 832 2923 tam
854 2860 1061 2924 laboriosam
1081 2879 1141 2942 pe·

193 2960 460 3040 regrinationem
478 2967 748 3041 assumpserant,
761 2957 1028 3035 contribuendo;
1048 2977 1141 3035 nam,

193 3056 263 3120 illis
292 3058 343 3121 sic
374 3059 588 3135 absentibus,
615 3058 650 3120 in
681 3056 838 3138 sequenti
866 3055 1142 3136 Quadragesima

194 3153 467 3220 Christianitatis
499 3162 669 3236 terraeque
696 3161 827 3218 sanctae
855 3154 996 3219 invasor
1022 3153 1142 3218 Salae-

194 3252 295 3317 dinus
309 3254 416 3317 vitam
436 3253 645 3334 flagitiosam
668 3247 797 3316 ¹morte
820 3252 1007 3316 miserabili
1028 3254 1143 3316 termi-

196 3352 304 3428 navit,
329 3352 400 3433 qui,
424 3351 454 3413 si
479 3359 562 3415 tunc
588 3358 777 3433 praesentes
802 3349 960 3426 luissent,
982 3349 1143 3413 facillime

195 3455 322 3512 terram
349 3457 506 3513 sanctam
528 3449 769 3524 obtinuissent,
794 3447 873 3510 filiis
899 3446 1052 3530 ejusdem
1078 3447 1143 3510 Sa·

194 3544 323 3609 laadini
353 3566 395 3610 ac
422 3546 625 3629 propinquis
655 3547 746 3610 inter
771 3563 809 3608 sc
839 3542 1083 3609 dissidentibus
1108 3551 1144 3607 et

194 3643 450 3708 decertantibus
465 3664 528 3726 pro
546 3663 652 3725 regno
666 3651 823 3725 paterno.

239 3838 371 3906 ¹resp0re
387 3844 468 3905 igilur
485 3845 629 3894 nummoli.
640 3843 652 3907 ]
716 3838 970 3889 'Mortemixrnbili
983 3834 995 3905 ]
1019 3836 1143 3898 Compare

193 3908 361 3972 chssesbale,
371 3913 420 3963 col.
431 3916 488 3962 88⁰.
684 3909 859 3970 Newburgb,
852 3923 886 3956 iv
897 3904 911 3971 ξ
926 3910 965 3956 8⁰.
