2970 5016
452 474 592 524 nnonns
615 476 886 526 nrsronmnuu.
1079 462 1145 525 245

191 637 228 693 et
249 627 292 692 de
315 648 531 712 quocumque
553 638 707 709 teneant,
731 631 790 713 qui
818 650 916 694 arma
937 631 1061 695 babere
1084 632 1143 695 de·
1158 648 1212 688 no.
1225 648 1281 687 nn.

192 729 274 792 bent
299 729 354 794 vel
376 748 473 794 arma
495 730 621 793 babere
644 731 789 812 possint,
812 730 923 812 etqui
945 730 1145 811 homagium

194 828 292 892 nobis
324 829 379 892 vel
416 829 596 911 ligantiam
628 830 794 905 fecerunt,
826 830 930 911 quod,
962 831 1054 894 sicut
1081 848 1145 894 nos

194 934 230 991 et
247 928 380 1009 seipsos
403 936 439 993 et
457 928 574 992 omnia
596 947 661 992 sua
682 929 844 1010 diligunt,
867 930 937 993 sint
955 928 1047 1011 apud
1071 929 1145 995 Do·

193 1046 310 1091 verum
341 1028 385 1090 ad
408 1027 543 1092 instans
568 1028 723 1092 clausum
757 1027 895 1093 Pascha
916 1030 1003 1094 bene
1030 1029 1146 1111 parati

195 1145 273 1190 cnm
300 1127 399 1207 equis
428 1134 464 1190 et
486 1127 591 1190 armis
619 1136 655 1192 et
681 1147 759 1191 cum
782 1134 856 1191 toto
882 1146 984 1210 posse
1010 1147 1074 1191 suo
1101 1127 1146 1191 ad

196 1224 445 1288 defendendum
478 1233 585 1308 caput
616 1234 771 1290 nostrum
800 1235 836 1291 et
865 1228 983 1308 capita
1016 1245 1080 1291 sua
1111 1235 1147 1291 et

196 1331 323 1388 terram
354 1324 508 1405 Angliae,
536 1333 572 1389 et
599 1324 691 1407 quod
724 1325 839 1389 nullus
872 1334 1060 1402 remaneat,
1086 1327 1147 1408 qui

197 1441 294 1488 arma
322 1431 461 1505 portare
489 1410 611 1507 possit,
637 1426 702 1488 sub
728 1425 864 1490 nomine
884 1425 1090 1506 culvertagii
1112 1433 1148 1491 et

197 1529 374 1604 perpetuae
409 1524 612 1603 servitutis;
649 1532 685 1588 et
711 1525 948 1605 unusquisque
982 1532 1148 1605 sequatur

196 1620 373 1685 dominum
397 1641 521 1702 suum;
556 1631 603 1699 et,
626 1623 686 1705 qui
714 1630 842 1687 terram
867 1642 936 1685 non
962 1622 1091 1686 habent
1112 1629 1148 1688 et

198 1739 295 1783 arma
318 1721 443 1786 habere
460 1722 606 1804 possint,
624 1722 707 1787 illuc
723 1723 865 1786 veniant
882 1720 926 1785 ad
943 1720 1148 1804 capiendum

198 1818 367 1884 solidatus
388 1828 537 1887 nostras.
590 1821 637 1885 Et
652 1829 690 1885 tu
713 1840 849 1886 omnem
872 1826 1059 1885 attractum
1079 1821 1148 1886 vic·

198 1919 344 1982 tualium
374 1926 409 1983 ct
438 1921 555 1984 omnia
589 1927 742 1985 mercata
772 1920 977 1985 bailivarum
1009 1927 1148 1983 tuarum

199 2018 317 2082 venire
340 2018 460 2097 sacius,
483 2027 521 2083 ut
542 2027 732 2101 sequantur
760 2018 950 2083 exercitum
981 2027 1149 2096 nostrum,

199 2116 250 2181 ita
273 2116 364 2198 quod
387 2119 520 2182 nullum
542 2128 732 2183 mercatum
755 2117 798 2182 de
819 2117 958 2183 ballivis
976 2118 1045 2182 tuis
1067 2118 1150 2182 alibi

203 2221 381 2296 teneatur3
408 2223 443 2281 et
464 2225 502 2281 tu
524 2218 598 2300 ipse
619 2225 702 2282 tune
729 2216 777 2281 sis
799 2218 846 2281 ibi
869 2237 948 2281 cum
974 2216 1150 2299 praedictis

200 2316 516 2380 summonitoribus.
570 2316 616 2380 Et
634 2317 726 2381 scias
747 2316 840 2399 quod
869 2317 957 2381 scire
981 2317 1150 2394 volumus,

202 2414 375 2496 quomodo
397 2415 556 2480 venerint
579 2416 622 2479 de
647 2416 785 2479 ballivis
807 2417 888 2492 tuis,
912 2424 947 2479 et
970 2416 1029 2496 qui
1048 2436 1152 2479 vene-

203 2514 285 2590 rint,
308 2514 418 2597 etqui
440 2535 534 2594 non3
558 2523 593 2579 et
608 2515 727 2579 videas
747 2514 840 2597 quod
863 2522 902 2578 tu
917 2514 968 2578 ita
983 2513 1154 2577 effortiate

204 2614 324 2678 venias
343 2633 420 2676 cum
436 2615 533 2696 equis
549 2622 584 2678 et
599 2615 715 2691 armiS,
732 2621 769 2677 et
784 2614 858 2676 haec
873 2613 924 2676 ita
939 2612 1154 2693 exsequaris,

205 2732 248 2776 ne
275 2711 353 2775 inde
376 2712 419 2775 ad
445 2732 570 2795 corpus
596 2720 695 2777 tuum
723 2732 786 2777 nos
809 2731 933 2795 capere
958 2711 1153 2774 debeamus.

205 2811 252 2875 Et
273 2819 309 2875 tu
327 2811 407 2874 inde
432 2810 562 2876 habeas
584 2813 735 2877 rotulum
751 2820 863 2889 tuum,
881 2810 925 2874 ad
944 2829 1008 2876 nos
1031 2810 1156 2874 certifi-

204 2910 351 2975 candum
366 2912 426 2993 qui
448 2910 699 2976 remanseriut.'
750 2909 820 2976 His
844 2912 952 2993 igitur
965 2909 1075 2973 literis
1094 2929 1156 2991 per

204 3009 369 3091 Angliam
391 3010 591 3092 divulgatis,
609 3019 845 3077 convenerunt
867 3010 912 3074 ad
929 3010 1102 3073 maritima
1119 3010 1155 3071 in

204 3109 290 3174 locis
322 3109 468 3173 diversis
490 3119 525 3175 et
549 3112 622 3192 regi
648 3112 760 3193 magis
787 3111 970 3192 suspectis,
996 3108 1157 3173 videlicet

206 3209 299 3290 apud
322 3209 511 3285 Deveram,
527 3209 756 3275 Feveresham
776 3209 1080 3293 etYepuswicum,
1098 3207 1156 3271 ho

206 3308 316 3371 mines
337 3308 483 3372 diversae
506 3308 712 3372 conditionis
739 3310 920 3385 etaetatis,
940 3308 1024 3371 nihil
1045 3309 1156 3388 magis

207 3426 311 3490 quam
341 3408 563 3489 opprobrium
594 3408 799 3489 culvertagii
831 3415 1049 3485 metuentes3
1083 3406 1157 3481 sed,

207 3525 286 3569 cum
317 3514 397 3588 post
419 3506 492 3569 dies
520 3525 650 3589 paucos
674 3514 782 3571 tantae
810 3505 1022 3570 multitudini
1045 3505 1157 3568 victus

206 3605 385 3682 defuisset,
401 3606 607 3669 remiserunt
623 3606 667 3670 ad
683 3606 824 3689 propria
840 3604 1012 3688 principes
1026 3602 1157 3666 militiae

207 3723 253 3767 ex
275 3704 396 3767 inermi
418 3704 524 3786 vulgo
546 3706 800 3770 multitudinem
822 3705 1010 3786 copiosam,
1033 3701 1158 3764 milites

207 3803 436 3879 solummodo,
458 3804 648 3867 servientes
672 3812 708 3868 et
731 3804 857 3866 liberos
888 3802 1054 3877 homines,
1080 3819 1158 3863 cum

208 3903 397 3967 balistariis
415 3909 451 3967 et
468 3902 673 3984 sagittariis,
689 3904 796 3986 juxta
813 3902 985 3965 maritima
1008 3900 1158 3962 retinen-

208 4010 274 4067 tes.
318 4001 427 4065 Venit
444 4010 613 4084 praeterea
631 4003 675 4066 de
696 4001 865 4064 Hibernia
880 4001 903 4063 J
906 3999 1071 4075 ohannes,
1089 3998 1160 4080 epi·

210 4120 338 4184 scopus
363 4102 397 4165 N
400 4103 609 4179 o'rwicensis,
627 4122 703 4165 cum
725 4100 890 4163 militibus
909 4099 1108 4180 quingentis
1126 4104 1160 4161 et

210 4202 386 4284 equitibus
408 4202 526 4265 multis
553 4202 595 4265 ad
623 4221 736 4283 regem
761 4208 794 4263 et
819 4200 960 4280 abipso
982 4205 1162 4280 gratanter
