2970 5016
453 467 592 516 anonas
616 468 886 518 ursuonmuun.
1099 454 1141 518 61

190 634 361 691 currente.
403 626 483 689 Rex
501 634 629 701 autem,
645 626 802 690 hostibus
818 626 961 708 sugatis,
978 627 1143 691 audacter
1155 654 1209 695 nn.
1220 656 1277 695 11⁹2.

191 727 341 790 tentoria
367 724 429 806 figi
452 727 618 808 praecepit
641 719 760 789 ¹extra
782 727 900 789 urbem
928 727 964 790 in
991 728 1139 809 quadam

191 825 346 907 planitie,
363 824 407 888 ad
422 825 636 906 inopinatam
652 823 809 888 laetitiam
825 826 1055 890 obsessorum.

219 994 261 1058 Ut
275 1018 329 1059 rec
345 995 525 1060 Riclcrdcs
539 1017 608 1060 cam
616 997 732 1079 poscis
746 989 922 1080 'mopiam
937 996 998 1058 clito
1012 996 1116 1059 millio

380 1116 524 1180 pcqcnos
538 1095 584 1158 cd
595 1095 626 1158 J
622 1116 717 1179 oppon
731 1088 947 1177 ³·iatersecerit.

251 1212 435 1301 Sequenti⁴
463 1238 546 1283 vero
572 1218 628 1282 die
655 1218 850 1282 nuntiatum
877 1227 931 1281 est
956 1217 1305 1330 Salaadinopppgbestro

191 1336 306 1398 regem
333 1337 412 1381 cum
438 1317 646 1399 paucissimo
672 1317 852 1381 advenisse
882 1319 1049 1393 exercitu,
1080 1337 1143 1380 nec

192 1416 339 1497 amplius
362 1436 467 1499 quam
493 1417 672 1496 octoginta
693 1416 833 1491 milites,
856 1418 1010 1497 exceptis
1039 1416 1143 1479 balis-

193 1515 290 1577 tariis
308 1516 380 1578 suis
395 1516 670 1598 quadringentis,
687 1515 723 1577 in
741 1515 907 1578 comitatu
925 1514 1072 1591 habere3
1091 1514 1143 1576 ui·

192 1613 261 1676 mio
290 1613 405 1677 surore
438 1613 670 1690 succenditur,
702 1614 879 1695 multaque
906 1613 1144 1694 indignatione

192 1729 276 1792 erga
291 1713 482 1777 exercitum
505 1732 606 1776 suum
625 1721 860 1794 promovetur,
883 1713 975 1795 quod
994 1719 1047 1776 tot
1068 1712 1143 1776 mil·

191 1809 240 1873 lia
264 1809 441 1875 hominum
467 1832 489 1875 a
515 1819 586 1875 tam
620 1813 739 1893 paucis
771 1810 886 1891 fugari
916 1811 1142 1890 debuissent;

192 1909 284 1972 unde
305 1909 349 1972 ad
372 1929 514 1974 suorum
531 1905 786 1974 ⁶confusionem
807 1910 932 1972 ibidem
952 1910 1143 1973 exercitum

194 2006 429 2085 dinumerans,
478 2010 666 2090 sexaginta
712 2009 781 2071 duo
823 2007 932 2071 millia
975 2009 1144 2090 imperiali

150 2155 154 2163 .
193 2105 307 2170 edicto
328 2108 507 2189 praecepit,
530 2116 569 2171 ut
594 2106 638 2171 ad
664 2106 688 2170 J
691 2126 803 2189 oppen
827 2107 1034 2189 quantocius
1057 2107 1145 2172 redi·

194 2214 283 2282 rent,
315 2206 496 2289 ipsumque
529 2226 644 2288 regem
682 2206 798 2269 vivum
832 2207 897 2269 sibi
930 2215 1070 2289 captum
1107 2208 1144 2270 in

192 2305 344 2368 crastino
372 2313 633 2387 praesentarent.
668 2305 767 2386 Rege
789 2313 905 2370 autem
928 2304 963 2367 in
987 2304 1145 2369 tentoriis

194 2412 296 2466 nocte
317 2404 378 2467 illa
399 2423 477 2468 cum
506 2405 579 2467 suis
602 2405 799 2487 quiescente
830 2404 984 2486 nihilque
1012 2405 1143 2468 sinistri

194 2502 404 2582 suspicante,
429 2522 508 2567 ecce
536 2523 670 2566 summo
699 2503 850 2568 diluculo
876 2510 952 2567 tota
977 2523 1062 2584 gens
1085 2523 1146 2567 ne·

195 2598 284 2663 saria
312 2601 510 2689 adveniens
528 2610 644 2666 castra
676 2602 767 2684 regis
796 2602 831 2664 in
862 2603 1008 2665 circuitu
1033 2601 1145 2665 valla·

196 2699 257 2774 vit,
276 2710 322 2776 et,
346 2720 389 2763 ne
412 2701 503 2764 ullus
525 2699 798 2782 subterfugiendi
824 2702 859 2762 in
882 2701 1058 2763 civitatem
1083 2719 1145 2782 pa-

194 2803 283 2861 teret
313 2800 441 2876 aditus,
467 2800 619 2864 maxima
651 2798 836 2862 multitudo
865 2817 941 2862 sese
964 2799 1058 2861 intra
1088 2818 1143 2862 ur-

194 2897 270 2960 bem
293 2905 329 2960 et
350 2898 443 2979 regis
465 2899 614 2962 tentoria
636 2898 819 2980 opposuit3
846 2917 891 2960 ex
913 2917 1058 2979 quorum
1079 2918 1141 2961 rex

193 2996 398 3076 magnificus
419 2999 566 3078 strepitu
593 3006 628 3061 et
653 2996 861 3061 clamoribus
885 3015 1072 3079 omnesque
1094 2999 1142 3060 si-

194 3094 264 3157 mul
282 3094 470 3158 Christiani
487 3096 722 3177 expergefacti
743 3103 778 3159 et
800 3096 940 3159 attoniti
962 3096 1068 3158 nimia
1085 3097 1142 3161 ad-

195 3192 377 3257 miratione
393 3195 651 3268 concutiuntur,
673 3215 751 3258 curu
772 3214 810 3258 se
827 3194 978 3277 undique
999 3204 1144 3259 cernunt

195 3292 239 3354 ab
261 3292 409 3355 inimicis
433 3293 562 3358 Christi
585 3294 785 3376 praeclusos.
820 3293 901 3357 Rex
923 3301 1039 3357 autem
1061 3296 1144 3358 sub·

193 3389 279 3453 itum
325 3399 360 3455 et
398 3393 615 3474 inopinatum
655 3412 798 3456 cernens
834 3392 1024 3474 periculum
1062 3392 1145 3455 lori-

194 3507 270 3553 cam
295 3489 475 3554 confestim
499 3491 610 3554 induit
633 3510 673 3553 ac
696 3491 793 3555 velut
815 3491 1004 3572 pennigero
1024 3490 1144 3553 volatu

195 3605 322 3669 equum
348 3590 560 3666 conscendit,
583 3590 745 3672 omnique
776 3589 916 3652 horrore
943 3587 1063 3651 mortis
1090 3588 1146 3650 de-

231 3806 336 3859 ¹Extrc
359 3805 470 3879 urbem]
499 3810 657 3873 Coggeshale
718 3807 919 3873 wensonis]
942 3803 1096 3858 ‘Interierit'
1119 3809 1145 3856 in

195 3878 269 3940 adds,
280 3879 335 3928 that
346 3881 405 3941 they
417 3880 492 3930 could
504 3886 547 3929 not
564 3882 658 3929 remain
684 3880 741 3929 MS.

196 3949 223 3996 in
239 3949 281 3997 the
297 3950 350 4010 city
360 3950 400 3999 for
415 3950 457 3999 the
475 3949 603 3999 steuchus
616 3949 658 3998 the
719 3946 888 4013 'Sequenti·]
912 3946 1080 4009 coggeshala,
1096 3947 1145 3997 col.

195 4017 261 4066 dead
273 4019 362 4067 bodies
374 4033 381 4079 ;
398 4020 446 4069 ml.
459 4024 516 4069 sel.
683 4022 740 4067 sal.

229 4083 406 4156 'Sexngiatu.]
424 4084 623 4151 ‘Quadraginta'
632 4090 658 4137 in
718 4085 923 4150 ⁵Ccafusionem]
935 4084 1146 4135 ‘contessionem'

196 4154 267 4215 MS.;
285 4158 332 4205 but
343 4159 436 4219 below,
445 4159 453 4186 ‘
463 4153 611 4220 sexaginta)
684 4158 709 4204 iu
722 4157 778 4206 MS.
