2970 5016
456 474 595 524 enonas
620 474 890 529 ursronmnun.
1079 461 1145 527 239

190 642 378 716 ceperunt3
402 632 496 715 quod
523 633 652 697 factum
671 652 748 697 cum
773 635 816 697 ad
843 636 934 715 regis
950 633 1143 716 Anglorum
1157 655 1279 694 nonu.

192 734 350 797 notitiam
384 734 611 815 pervenisset,
644 733 844 814 indignatus
875 743 928 797 est
963 735 1074 811 valde,
1109 746 1144 800 et

191 850 408 914 congregans
443 833 634 896 exercitum
670 833 953 896 innumerabilem
985 835 1143 911 militum,

193 933 347 1015 equitum
367 932 470 995 simul
494 939 530 996 et
551 931 717 1014 peditum,
740 952 858 995 omnes
879 934 965 996 fines
990 933 1142 997 Wallen-

193 1032 282 1095 sium
307 1051 386 1094 enm
409 1031 494 1113 ipsis
515 1030 752 1094 Wallensibus
777 1033 1007 1096 exterminare
1028 1034 1144 1115 dispo·
1211 1021 1212 1025 ¹

194 1131 275 1194 suit.
328 1130 485 1212 Cumque
507 1149 569 1192 rex
596 1129 734 1193 tandem
758 1130 801 1193 ad
828 1130 1042 1212 Notingbam
1064 1152 1143 1196 cum

193 1229 301 1293 multo
327 1229 503 1299 bominum
530 1228 680 1311 tumultu
698 1231 935 1310 pervenisset,
957 1239 1142 1313 antequam

192 1329 305 1391 cibum
336 1335 497 1406 sumeret,
522 1327 604 1391 fecit
628 1328 754 1409 viginti
784 1336 863 1392 octo
887 1349 1023 1411 pueros,
1056 1350 1144 1412 quos

193 1446 284 1491 anno
314 1428 490 1509 praeterito
518 1446 540 1489 a
562 1426 798 1490 Wallensibus
828 1437 1028 1511 susceperat
1054 1432 1145 1493 obsi-

193 1526 266 1603 des,
294 1528 330 1590 in
358 1527 524 1590 ultionem
544 1526 619 1609 Jam
646 1525 747 1589 dicte
774 1529 1059 1608 transgressionis
1082 1549 1144 1610 pa·

193 1626 303 1689 tibulo
326 1625 502 1707 suspendi.
554 1624 689 1689 Deinde
709 1645 785 1688 cum
812 1626 959 1690 sedisset
984 1626 1027 1690 ad
1052 1647 1143 1691 men-

193 1743 281 1801 sam,
313 1726 398 1788 cibis
426 1723 609 1787 intendens
639 1732 675 1787 et
703 1725 854 1806 potibus,
879 1727 975 1789 venit
1003 1728 1144 1790 nuntius

193 1824 237 1887 ad
265 1843 383 1906 regem
413 1843 458 1888 ex
483 1831 583 1906 parte
612 1824 704 1904 regis
727 1823 865 1913 Scopae,
889 1825 949 1906 qui
971 1826 1003 1888 ei
1026 1824 1144 1889 literas

192 1941 266 1987 snae
300 1922 449 2005 provisae
487 1921 690 2004 proditionis
728 1924 903 2005 porrexit3
942 1943 1011 2005 quo
1039 1924 1144 2002 facto,

194 2023 289 2086 venit
309 2023 398 2086 alios
421 2022 563 2086 nuntius
586 2041 631 2085 ex
650 2029 749 2104 parte
765 2022 845 2085 filiae
865 2022 1020 2106 ejusdem
1039 2026 1143 2106 regis,

193 2123 314 2185 uxoris
334 2121 494 2186 videlicet
520 2121 668 2199 Leolini,
694 2121 785 2203 rogis
809 2120 960 2199 Walliae,
988 2123 1048 2205 qui
1070 2125 1144 2205 regi

192 2220 280 2284 alias
306 2220 425 2284 literas
448 2221 618 2303 prioribus
645 2221 828 2284 dissimiles
852 2221 1006 2298 tradidit,
1028 2223 1144 2287 dicens

192 2327 364 2383 secretum
379 2339 455 2384 esse
474 2319 566 2402 quod
581 2320 691 2383 literae
706 2319 939 2386 continebant.
964 2321 1044 2385 Rex
1062 2342 1144 2386 vero

193 2427 274 2502 post
295 2419 477 2500 prandium
498 2418 673 2483 divertens
697 2419 741 2483 ad
759 2419 873 2483 locum
889 2427 1058 2484 secretum
1071 2422 1144 2505 jus-

193 2519 241 2582 sit
255 2518 323 2583 sibi
340 2528 495 2582 tenorem
512 2537 686 2600 exponere
701 2519 878 2582 literarum
891 2539 900 2598 ;
924 2518 1033 2582 literae
1049 2539 1144 2597 vero,

191 2617 272 2681 licet
287 2617 328 2680 de
345 2614 544 2699 regionibus
561 2617 720 2681 venirent
737 2617 895 2693 diversis,
910 2636 1014 2680 unam
1028 2627 1144 2682 tamen

194 2716 406 2799 eandemque
435 2718 641 2780 seutentiam
671 2717 905 2792 continebant,
934 2717 1025 2798 quod
1051 2718 1145 2781 vide·

192 2816 273 2879 licet
296 2836 372 2891 rex,
392 2815 422 2878 si
444 2815 572 2879 bellum
590 2815 838 2897 aggrederetur
859 2815 1061 2897 incoeptum,
1083 2825 1144 2880 ant

193 2916 309 2979 asnis
334 2916 555 2997 magnatibus
578 2917 815 2997 perimeretur,
839 2923 902 2978 aut
918 2914 1075 2978 hostibus
1100 2916 1142 2979 ad

192 3014 404 3097 perdendum
434 3013 636 3077 traderetur.
691 3014 771 3078 Rex
796 3021 923 3091 autem,
953 3034 1029 3077 cum
1060 3016 1144 3078 talia

192 3113 359 3187 audisset,
376 3115 597 3196 perturbatus
617 3121 671 3177 est
688 3114 789 3178 valde
809 3123 843 3178 ot
858 3114 972 3177 animo
990 3122 1144 3178 conster-

193 3220 310 3289 natus,
342 3221 459 3295 atque,
492 3229 570 3276 cum
599 3213 830 3277 intellexisset
858 3221 1039 3295 magnates
1068 3214 1143 3278 An-

193 3313 273 3393 glise
304 3331 325 3374 a
356 3331 421 3375 sua
452 3331 528 3375 esse
560 3311 725 3376 fidelitate
757 3312 946 3388 absolutos,
978 3314 1142 3397 majorem

193 3411 302 3475 literis
325 3412 390 3475 sibi
415 3411 596 3474 destinatis
620 3411 721 3474 fidem
747 3411 926 3489 adhibuit3
949 3412 1040 3475 unde
1063 3432 1143 3493 pro·

193 3512 344 3592 positum
375 3511 507 3574 utiliter
538 3519 753 3574 commutans
782 3511 890 3594 jussit
917 3530 1053 3574 omnem
1081 3530 1142 3574 ex·

194 3611 338 3675 ercitum
361 3609 404 3672 ad
438 3610 579 3691 propria
599 3629 763 3685 remeare,
787 3611 997 3691 veniensque
1021 3608 1065 3672 ad
1087 3629 1143 3671 ur·

193 3710 270 3772 bem
305 3708 561 3772 Londoniarum
593 3710 687 3772 misit
714 3709 855 3772 nuutios
889 3707 932 3770 ad
964 3716 1143 3790 magnates

193 3809 374 3872 universos
393 3809 459 3871 sibi
474 3807 516 3871 de
532 3807 698 3872 fidelitate
713 3816 906 3890 suspectos,
924 3809 1068 3888 exigens
1083 3809 1144 3871 ob·

194 3909 287 3971 sides
310 3908 355 3970 ab
377 3909 439 3983 eis,
463 3915 502 3970 ut
524 3909 686 3989 probaret
707 3907 766 3989 qui
788 3907 916 3971 vellent
936 3914 971 3970 ot
988 3907 1046 3988 qui
1070 3907 1144 3969 nol·

193 4007 266 4071 lent
281 4006 356 4089 ejus
374 4009 611 4089 obtemperare
624 4006 819 4089 praeceptis.
873 4005 931 4069 Illi
943 4026 1025 4069 vero
1041 4006 1145 4086 regiis

188 4107 405 4189 jussionibus
444 4107 603 4169 resistere
636 4125 703 4169 non
738 4104 904 4168 audentes
941 4105 1145 4168 remiserunt

195 4205 296 4282 lilios,
317 4213 459 4288 nepotes
486 4213 521 4269 et
535 4213 704 4286 cognatos
726 4223 808 4267 suos
824 4203 867 4266 ad
884 4205 1017 4267 libitum
1042 4204 1144 4285 regis,
