2970 5016
386 475 522 522 anonas
547 476 815 525 nrsronranuu.
1033 464 1077 527 99

124 629 244 710 gentia
277 630 505 706 servabatur;
555 629 687 712 pectori
719 632 866 715 denique
898 633 973 715 ejus
1004 652 1075 696 em·
1087 646 1143 687 ab·
1156 647 1211 685 11⁹⁶·

124 729 258 810 plastra
272 729 474 809 alligarunt,
490 730 620 793 acubus
634 731 773 812 plantas
793 731 919 813 pedum
940 752 1073 812 punxe-
1086 696 1241 835 ffiopkot

124 835 216 903 runt,
233 827 295 891 sed
316 827 401 890 nihil
418 829 523 905 ineo,
544 829 635 910 quod
661 830 804 892 animati
830 829 977 893 bominis
998 850 1074 895 esse
1195 820 1200 832 ¹

123 927 308 1002 videretur,
337 921 506 990 ¹inveuire
529 935 728 1009 potuerunt.
782 928 824 991 In
853 928 943 992 bunc
967 929 1075 1009 igitur

123 1024 261 1089 modum
279 1045 342 1108 per
362 1026 517 1102 biduum,
533 1024 646 1101 idest,
675 1046 697 1090 a
719 1027 832 1090 media
856 1029 966 1091 noetis
987 1027 1073 1092 hora

124 1124 337 1188 Parasceues
354 1144 463 1206 usque
485 1124 527 1187 ad
548 1124 668 1188 boram
691 1125 905 1207 completorii
927 1145 1073 1210 sequen-

123 1224 168 1285 tis
199 1224 348 1299 sabbati,
372 1224 463 1287 lecto
488 1223 695 1287 decumbens
722 1225 906 1288 immobilis
933 1227 1071 1290 omnino

123 1323 333 1403 permansit3
359 1322 394 1383 in
425 1321 509 1384 bora
535 1328 651 1384 autem
679 1324 798 1403 magni
828 1324 976 1400 sabbati,
1002 1343 1072 1405 qua

122 1427 315 1483 conventus
348 1420 392 1481 ad
422 1419 683 1500 completorium
708 1428 801 1484 esset
825 1429 1069 1498 conventurus,

123 1519 204 1582 cilia
221 1519 398 1582 oculorum
422 1519 577 1601 praedicti
602 1518 718 1582 fratris
741 1527 922 1602 coeperunt
947 1521 1071 1601 paulu-

122 1617 193 1680 lum
218 1617 357 1699 agitari,
383 1636 425 1682 ac
449 1617 585 1681 demum
617 1617 740 1681 humor
764 1618 903 1700 quidam
935 1619 1072 1701 lachry-

123 1735 257 1780 marum
271 1736 365 1780 more
378 1717 414 1779 in
435 1736 543 1797 genas
557 1717 681 1781 leniter
695 1716 880 1793 defluebat,
893 1725 939 1794 et,
955 1737 1074 1799 quem-

124 1815 308 1879 admodum
334 1816 506 1879 dormiens
537 1816 615 1898 quis
648 1817 772 1897 ploret,
794 1818 915 1879 crebra
937 1817 981 1879 ab
1003 1817 1072 1881 imo

122 1916 272 1995 pectoris
298 1914 393 1977 visus
420 1923 474 1978 est
500 1915 711 1995 ingeminare
741 1916 901 1997 suspiria,
929 1923 964 1978 et
993 1923 1073 1996 post

123 2013 295 2077 modicum
320 2013 362 2076 de
389 2010 558 2095 profundo
582 2033 668 2078 sono
685 2014 746 2077 vix
769 2014 912 2077 audibili
935 2013 971 2075 iu
994 2022 1072 2095 gut-

123 2120 200 2175 ture
232 2113 339 2176 verba
367 2112 525 2193 quaedam
554 2112 731 2176 revolvere
756 2113 949 2177 videbatur.
1003 2113 1074 2176 De-

124 2211 216 2286 inde,
247 2212 375 2274 sensim
406 2211 570 2275 redeunte
603 2211 740 2294 spiritu,
771 2212 934 2277 invocare
967 2213 1074 2294 coepit

123 2317 280 2373 sanctam
314 2309 464 2373 Mariam
495 2310 624 2386 dicens,
653 2309 707 2372 ‘0
735 2317 856 2375 sancta
884 2310 1012 2387 Maria,
1041 2310 1072 2373 Ο

123 2409 263 2472 domina
294 2416 416 2472 sancta
447 2408 574 2485 Maria,
604 2428 667 2491 pro
700 2428 768 2490 quo
794 2416 937 2491 peccato
966 2409 1073 2490 perdo

124 2506 288 2590 gaudium
311 2515 382 2571 tam
406 2507 610 2571 immensum
620 2509 648 2571 l'
699 2507 789 2571 Haec
807 2509 935 2590 saepius
952 2514 988 2570 et
1005 2507 1074 2570 alia

124 2606 161 2669 in
192 2606 284 2671 huuc
311 2607 450 2671 modum
485 2613 644 2689 repetens
672 2607 900 2686 privationem
926 2605 1073 2687 alicujus

124 2705 282 2769 immensi
309 2705 427 2787 gaudii
455 2705 674 2769 adstantibus
702 2703 885 2766 iudicabat.
939 2703 1073 2766 Deinde

125 2806 225 2887 quasi
246 2803 289 2868 de
311 2805 410 2885 gravi
433 2805 603 2884 evigilans
636 2822 757 2866 somno
787 2808 893 2884 caput
920 2801 1074 2865 excussit

124 2911 159 2968 et
176 2903 278 2967 nimis
300 2922 417 2967 amare
433 2903 530 2980 flens,
547 2901 775 2967 defluentibus
788 2901 922 2984 jugiter
937 2899 1073 2982 lachry-

125 3003 203 3080 mis,
224 3002 408 3085 singultire
433 3003 552 3083 eoepit,
582 3001 809 3082 manibusque
832 2999 1016 3081 complosis
1032 3018 1073 3063 ae

126 3100 295 3165 consertis
323 3100 442 3181 digitis
471 3101 583 3164 erexit
606 3120 643 3163 se
670 3100 785 3163 subito
814 3107 849 3163 et
878 3099 1016 3175 resedit,
1039 3105 1073 3162 et

125 3208 231 3282 caput
253 3200 288 3263 iu
312 3200 471 3263 manibus
494 3206 530 3262 et
552 3218 658 3281 super
684 3217 800 3280 genua
827 3197 1002 3281 deponens
1023 3197 1074 3260 la·

125 3298 344 3362 mentabilem
370 3298 472 3361 nimis
498 3297 674 3380 planctum
700 3297 830 3360 diutius
859 3297 1073 3371 continuare,

124 3398 215 3462 sicut
239 3386 405 3479 coeperat,
429 3416 499 3460 non
522 3396 690 3459 cessabat.
741 3394 842 3457 Tunc
867 3413 888 3457 a
912 3395 1074 3458 fratribus

125 3496 271 3559 multum
286 3504 444 3577 rogatus,
456 3504 495 3559 ut
511 3503 591 3577 post
613 3502 685 3558 tam
709 3494 882 3575 prolixum
903 3492 1074 3575 jejunium

126 3601 162 3659 et
189 3595 343 3659 laborem
368 3594 499 3675 aliquid
524 3599 687 3670 sumeret,
720 3592 849 3672 exigua
874 3591 974 3672 panis
997 3609 1075 3671 por-

126 3695 219 3757 tione
255 3693 387 3776 potitus
423 3692 569 3774 pervigil
607 3693 644 3756 in
676 3691 831 3755 oratione
859 3689 1073 3770 permansit3

127 3792 314 3873 requisitus
343 3799 459 3855 autem
491 3791 522 3854 si
550 3810 588 3855 se
616 3791 659 3853 de
688 3788 888 3852 infirmitate
920 3793 1076 3868 speraret

126 3909 311 3954 evasurum
343 3889 532 3973 respondit,
559 3888 674 3953 ‘Satis
696 3888 825 3962 vivam,
851 3886 933 3969 quia
956 3885 999 3946 de
1024 3885 1076 3946 in-

126 3989 289 4055 firmitate
300 3989 373 4073 jam
391 3990 492 4071 plene
514 3986 697 4053 convalui.'
750 3985 884 4049 Deinde
900 3990 1002 4046 nocte
1023 4002 1076 4045 se-

126 4090 258 4171 quenti,
277 4088 312 4152 id
335 4096 390 4152 est
416 4088 604 4151 Dominicae
627 4082 897 4158 resurrectionis,
927 4101 1005 4145 curn
1031 4080 1076 4144 ad

387 4236 534 4300 ¹1areaira]
550 4234 711 4298 ‘Coujieere’
719 4234 745 4282 in
757 4234 815 4283 MS.

893 4341 909 4375 n
921 4332 937 4375 2
