2970 5016
337 459 402 522 300
594 471 729 520 nocnar
754 473 801 520 nn
823 471 1031 520 wnanovns

178 645 302 687 eunu-
339 653 413 695 sum
436 632 574 709 habere,
592 653 668 697 cum
686 631 906 695 festinatione
924 629 1007 693 illuc
1024 627 1195 692 venirent.
1241 628 1284 692 At

338 733 484 796 barones
507 731 702 796 desiderato
723 730 908 794 exhilarati
930 728 1050 792 nuntio
1073 736 1193 791 castra
1214 748 1285 810 pro-

339 831 433 895 tinus
464 839 641 895 moventes
674 832 718 894 ad
742 830 868 894 Wares
895 847 1005 910 usque
1032 837 1284 909 pervenerunt3

340 930 462 994 deinde
489 937 688 1010 noctetota
714 930 781 993 iter
807 936 950 1009 agentes
976 946 1110 990 summo
1139 926 1286 991 diluculo

339 1029 383 1093 ad
406 1031 582 1094 civitatem
602 1033 783 1105 venerunt,
806 1034 910 1110 atque
927 1027 1056 1111 januas
1076 1025 1172 1090 urbis
1194 1045 1286 1109 repe-

340 1129 467 1193 rientes
486 1135 636 1210 apertas,
658 1122 766 1192 ¹nono
787 1125 955 1192 kalendas
972 1125 995 1190 J
999 1125 1082 1200 unii,
1105 1125 1287 1188 Dominica

340 1228 500 1292 videlicet
514 1235 595 1291 ante
610 1228 846 1291 ascensionem
861 1226 1003 1289 Domini
1019 1225 1195 1306 proxima,
1208 1225 1285 1287 dnm

339 1328 432 1391 cives
447 1329 629 1391 missarum
644 1327 850 1390 interessent
868 1324 1053 1407 mysteriis,
1072 1323 1288 1388 Londonien·

339 1428 428 1490 sium
455 1428 631 1491 civitatem
660 1425 735 1489 sine
760 1425 854 1488 omni
876 1424 1026 1489 tumultu
1049 1424 1286 1500 intraverunt;

340 1526 505 1591 favebant
540 1527 630 1590 enim
670 1526 857 1588 baronibus
889 1523 1015 1587 divites
1052 1523 1219 1599 civitatis,
1254 1531 1286 1586 et

340 1625 418 1689 ideo
440 1643 611 1708 pauperes
630 1625 888 1688 obmurmurare
911 1622 1121 1686 metuebant.
1163 1619 1213 1684 At
1232 1623 1287 1684 ba-

340 1744 454 1801 rones,
476 1717 669 1787 ²civitatem
691 1723 850 1804 ingressi,
865 1721 1036 1805 janitores
1059 1739 1143 1783 suos
1158 1720 1201 1782 ad
1219 1722 1286 1783 sin-

341 1824 442 1904 gulas
473 1824 567 1886 urbis
595 1829 714 1905 portas
746 1828 955 1897 statuerunt,
986 1821 1103 1883 omnia
1128 1820 1286 1902 deinceps

340 1923 376 1985 in
395 1942 438 1986 ea
459 1943 522 2005 pro
540 1923 640 1986 libitu
659 1941 722 1985 suo
741 1921 973 2003 disponentes.
1025 1918 1075 1982 At
1091 1920 1251 1994 barones,
1267 1938 1287 1981 a

341 2022 474 2085 civibus
492 2022 567 2104 jam
592 2021 695 2085 dictis
722 2029 866 2102 accepta
897 2018 1095 2093 securitate,
1123 2020 1287 2081 miserunt

341 2119 460 2182 literas
486 2119 530 2182 ad
558 2121 712 2193 comites,
739 2120 887 2183 barones
913 2126 949 2181 et
973 2118 1099 2180 milites
1127 2117 1208 2181 illos
1230 2137 1288 2199 per

341 2216 519 2298 Angliam,
545 2219 606 2298 qui
633 2219 707 2298 regi
735 2218 859 2296 adbuc,
886 2217 967 2280 licet
992 2217 1083 2294 ficte,
1113 2216 1286 2280 adhaerere

341 2315 559 2394 videbantur,
582 2316 807 2380 exhortantes
830 2337 890 2381 eos
912 2335 990 2379 oum
1014 2316 1289 2392 comminatione,

343 2424 393 2493 ut,
423 2417 513 2480 sicut
541 2417 692 2480 omnium
727 2436 840 2480 rerum
872 2435 1011 2480 suarum
1044 2424 1081 2479 et
1102 2416 1289 2497 possessio-

343 2534 425 2578 num
455 2516 713 2579 indemnitatem
742 2515 944 2597 diligebant,
975 2534 1091 2596 regem
1114 2514 1289 2598 perjurum

343 2634 386 2678 ac
419 2617 605 2680 baronibus
636 2615 796 2678 rebellem
827 2615 1059 2695 relinquentes
1085 2614 1189 2677 simul
1214 2634 1289 2677 cum

344 2715 394 2778 eis
430 2734 493 2797 pro
532 2714 750 2779 libertatibus
789 2721 824 2777 et
862 2732 947 2796 pace
988 2713 1061 2794 regi
1099 2713 1289 2776 immobiles

343 2820 477 2877 starent
502 2820 538 2876 et
562 2812 746 2877 efficaciter
772 2813 1013 2889 decertarent;
1043 2811 1149 2893 quod,
1177 2813 1206 2874 si
1228 2812 1290 2875 boc

344 2912 456 2976 facere
478 2913 776 2993 contempsissent,
799 2912 866 2994 ipsi
886 2912 920 2973 in
942 2929 1060 2974 omnes
1082 2910 1174 2986 illos,
1192 2912 1290 2993 quasi

343 3011 379 3073 in
409 3010 527 3075 hostes
559 3012 725 3092 publicos,
754 3029 851 3074 arma
877 3010 1065 3090 dirigerent
1091 3017 1127 3073 et
1150 3010 1290 3085 vexilla,

343 3116 525 3191 castraque
555 3130 673 3173 eorum
700 3110 912 3186 subvertere,
938 3109 1059 3172 domos
1087 3117 1122 3172 et
1144 3109 1291 3172 aedilicia

343 3208 553 3286 comburere,
582 3210 725 3286 vivaria,
757 3227 880 3290 parcos
910 3216 945 3271 et
971 3209 1126 3290 pomeria
1157 3208 1291 3272 destru-

344 3325 412 3383 ere,
440 3308 649 3371 laborarent.
711 3306 801 3370 Haec
828 3313 944 3370 antem
969 3308 1005 3370 in
1027 3314 1127 3388 parte
1152 3308 1291 3370 nomina

344 3425 462 3469 eorum
492 3413 585 3482 sunt,
616 3407 675 3488 qui
708 3406 859 3470 nondum
880 3406 1089 3489 juraverunt
1114 3405 1290 3470 libertates

343 3505 539 3586 praedictas,
564 3504 763 3568 Willelmus
804 3504 1066 3581 Marescballus‚
1101 3524 1216 3568 comes
1250 3506 1290 3569 de

345 3602 517 3682 Penbroc,
539 3603 746 3687 Ranulphus
780 3611 895 3667 comes
925 3604 1131 3679 CestrensiS,
1158 3604 1292 3669 Willel·

343 3722 420 3766 mus
442 3722 557 3767 comes
571 3703 846 3779 Saresbiriensis,
859 3702 1057 3767 Willelmus
1075 3721 1190 3766 comes
1206 3704 1291 3768 Wa-

343 3821 472 3878 rennae,
514 3802 711 3866 Willelmns
762 3821 877 3865 comes
919 3800 1203 3879 Albemarlensis,
1240 3802 1288 3866 H.

343 3920 457 3965 comes
488 3900 674 3977 cornubie,
696 3900 755 3964 W.
779 3901 821 3964 de
844 3900 1025 3977 Albeneio,
1049 3900 1225 3965 Robertns
1248 3902 1288 3965 de

379 4049 469 4101 1Νονιο
486 4053 599 4100 mundar
613 4046 710 4119 dania]
728 4052 802 4100 ‘De-
878 4050 1041 4102 'Civitatem
1069 4053 1185 4114 ingressi,
1202 4054 1213 4117 ]
1231 4056 1291 4116 ‘per

341 4122 406 4170 cirno
425 4126 497 4171 sexto
516 4120 639 4171 kalendas
657 4122 739 4182 danii,
758 4122 801 4171 die
828 4129 926 4184 portam
955 4123 988 4171 de
1012 4118 1117 4185 Alegat'
1139 4121 1291 4189 (Aldgate);

340 4189 476 4239 Dominica
503 4205 575 4240 mane
588 4185 607 4252 ς’
633 4190 803 4256 Coggesbale,
830 4192 913 4242 Paris.

341 4258 403 4309 Rea.
413 4259 459 4309 des
471 4260 541 4310 Hist.
553 4276 579 4323 p.
593 4263 649 4310 107.
