2970 5016
419 478 557 526 suenus
582 479 852 530 mercurinus.
1061 472 1105 550 47

153 636 399 719 solymitanum
416 635 517 700 uxori
541 653 627 712 suae,
641 644 681 701 ut
692 637 767 720 jam
786 637 917 702 dictum
941 647 1007 716 est,
1024 639 1105 723 jure
1117 664 1172 704 nu.
1185 667 1239 705 nu.

154 734 373 799 haemditarto
390 735 592 798 debebatur.

155 908 307 982 Quonaodo
323 930 377 972 rae
393 907 574 971 Rielerdus
589 929 688 970 omues
702 917 791 970 terra
809 920 921 972 sauata
939 909 1090 994 reliquias

566 1005 702 1068 redemit.

203 1128 376 1206 Guidone,
393 1147 474 1210 rege
499 1127 834 1210 Hierosolymamm,
852 1127 888 1191 in
909 1129 1000 1194 bello
1024 1149 1102 1195 cum
1115 1153 1207 1196 menna

152 1247 253 1292 cruce
274 1227 460 1291 Dominica
475 1226 558 1291 olim
576 1235 692 1308 capto,
715 1246 797 1291 mox
816 1227 1023 1293 Salaadinns
1045 1205 1255 1305 ur-lssiiffi‘h'

152 1327 228 1390 bem
247 1326 469 1391 Hierusalem
484 1324 664 1390 obsidione
680 1325 838 1388 vallavit.
884 1326 988 1391 Cives
1006 1348 1100 1406 vero,
1111 1305 1212 1395 iffi?

152 1425 264 1507 quiin
282 1443 324 1489 ea
341 1431 590 1500 remanserant,
607 1443 652 1487 ex
672 1423 862 1487 infortunio
878 1427 995 1489 animo
1017 1445 1099 1489 oon·

151 1524 310 1600 stemati,
332 1543 439 1607 seque
461 1522 649 1587 Salaadino
674 1541 777 1604 posse
800 1523 961 1587 resistere
981 1524 1101 1606 despe-

153 1631 283 1699 rantes,
307 1624 424 1686 urbem
454 1623 486 1684 ei
510 1622 668 1705 protinus
694 1620 933 1699 tradiderunt3
965 1631 1002 1688 at
1025 1623 1100 1705 ipse

152 1722 320 1785 neminem
345 1741 390 1785 ex
415 1721 500 1784 urbe
525 1720 643 1801 egredi
663 1720 829 1801 permisit,
855 1721 981 1784 nisiae
1004 1722 1099 1803 prius

125 1820 295 1901 ⁴quilibet
325 1820 442 1884 docem
471 1818 631 1882 bisantiis
659 1818 870 1882 redemisset.
923 1819 1099 1884 Divitibus

150 1927 267 1983 autem
297 1937 335 1983 se
364 1918 528 1982 coutintm
557 1917 814 1993 redimentibus,
848 1919 991 1983 inventa
1017 1928 1100 1985 suut

150 2024 283 2100 septem
313 2017 422 2080 millia
452 2015 628 2080 bominum
655 2016 692 2078 in
720 2017 816 2093 urbe,
847 2017 908 2098 qui
940 2018 1031 2082 uude
1060 2038 1098 2082 se

149 2116 357 2180 redimerent
390 2134 459 2180 non
492 2114 686 2193 habebant;
725 2133 871 2197 quorum
906 2117 1096 2182 calamitati

152 2215 270 2279 caeteri
289 2215 538 2297 compatientes
557 2214 712 2278 unanimi
730 2215 873 2279 consilio
890 2226 1097 2298 acceperunt

149 2332 268 2378 cruces
296 2333 420 2378 aureas
447 2321 484 2378 et
506 2322 702 2394 argenteas,
724 2312 849 2377 calices
871 2322 907 2377 et
928 2314 1093 2396 philacte-

150 2412 213 2489 ria,
245 2420 280 2477 et
302 2412 523 2477 Dominicum
550 2411 837 2477 decrustaverunt
864 2413 1096 2496 sepulchrum,

137 2527 190 2573 ao
215 2518 344 2576 catera
368 2529 447 2594 quae
474 2511 510 2573 in
540 2511 694 2575 ecclesiis
717 2519 921 2575 ornamenta
947 2514 1096 2595 reperie-

147 2610 287 2687 bantur,
323 2617 359 2674 et
391 2628 561 2692 pauperes
587 2610 816 2675 redemerunt.
873 2609 1097 2691 collegerunt

147 2709 252 2772 etiam
277 2727 395 2773 omnes
424 2707 588 2789 reliquias
613 2715 822 2782 sanctorum,
846 2724 934 2789 quas
951 2708 988 2770 in
1011 2709 1096 2773 locis

147 2808 378 2872 sacrosanctis
400 2815 563 2890 poterant
583 2806 752 2882 invenire,
767 2814 802 2869 et
823 2814 1014 2886 posuerunt
1035 2827 1095 2872 eas

146 2906 183 2968 in
204 2914 355 2988 quatuor
378 2906 513 2986 magnis
536 2906 694 2970 eburneis
714 2904 894 2986 capsellis3
919 2924 1008 2986 quas
1030 2907 1094 2970 Sa·

148 3003 307 3068 leudinus
328 3006 419 3069 inter
435 3010 574 3079 coetera,
596 3022 674 3086 quae
700 3004 843 3068 civitate
867 3004 1013 3069 subacta
1038 3025 1096 3069 oc·

148 3112 349 3185 cupaverat,
373 3103 524 3181 intuens,
544 3110 591 3180 et,
611 3103 693 3185 quid
718 3103 755 3165 iu
778 3103 828 3166 eis
850 3103 1095 3182 contineretur,

146 3200 330 3283 diligenter
351 3202 540 3284 inquirens,
557 3202 665 3286 J'ussit
680 3200 805 3265 deferri
826 3201 920 3284 apud
939 3202 1094 3268 Baldacb

146 3306 181 3363 et
212 3300 347 3365 tradere
373 3299 556 3381 Chalipbe,
589 3320 633 3363 ne
661 3300 849 3364 Christiani
886 3300 930 3364 de
958 3304 1095 3366 ossibus

145 3406 358 3463 mortuorum
375 3399 607 3481 gloriarentur
622 3399 778 3476 ulterius,
790 3406 826 3463 et
839 3399 1018 3463 crederent
1035 3421 1094 3464 eos

144 3495 272 3562 babere
288 3499 533 3562 intercessores
549 3498 586 3561 iu
603 3497 710 3573 caelis,
725 3516 870 3578 quorum
892 3515 977 3561 ossa.
989 3517 1094 3562 vene·

145 3596 312 3660 rabautur
328 3597 365 3660 in
382 3597 495 3661 terris.
543 3596 710 3678 Princeps
725 3603 840 3660 autem
854 3594 1094 3661 Antiochenns

144 3701 179 3758 et
200 3695 399 3778 patriarcha
427 3695 613 3779 ceterique
646 3695 776 3772 fideles,
805 3702 905 3759 tanto
930 3694 1093 3759 thesauro

140 3793 239 3858 >nullo
255 3795 358 3859 modo
374 3794 570 3858 defraudari
585 3794 752 3871 volentes,
775 3795 1006 3876 promiserunt
1027 3795 1093 3858 sub

137 3892 350 3976 juramento,
361 3912 400 3957 se
413 3893 551 3958 easdem
562 3894 726 3976 reliquias
740 3892 978 3975 redempturos
993 3892 1092 3974 quin·

143 3993 311 4074 quaginta
327 3993 462 4057 duobus
483 3992 633 4057 millibus
655 3991 894 4069 bisantiorum,
916 3999 964 4067 et,
988 3992 1017 4055 si
1031 4011 1091 4073 pe-

141 4092 279 4155 cuniam
306 4092 489 4173 praefatam
511 4099 666 4174 tempore
686 4090 874 4155 constituto
895 4090 1093 4173 persolvere

144 4191 339 4272 nequirent,
353 4191 491 4254 easdem
506 4190 538 4254 ei
556 4190 720 4273 reliquias
737 4187 952 4270 resignarent
966 4210 975 4268 ;
1001 4190 1093 4254 unde
