2970 5016
455 453 593 503 rnonns
620 454 890 504 n1sron1nnun.
1082 442 1148 508 ast

191 616 299 693 deret,
324 614 414 696 fugit
436 633 458 677 a
479 616 579 696 tergo
594 614 687 695 regis
702 613 725 679 J
728 614 896 696 ohannis3
920 617 1040 700 sicque
1054 625 1149 682 uter·
1163 630 1217 672 Ab.
1229 632 1286 672 1²1⁴·

191 734 260 798 que
276 715 453 779 exercitus
469 713 702 795 ignominiosa
716 714 874 798 dilapsus
891 715 986 799 suga,
1002 723 1149 800 uterque

192 815 340 879 alterum
356 833 379 878 u
395 820 495 896 tergo
513 813 695 878 salutavit.

244 984 388 1067 Qualiter
417 1008 472 1051 rec
501 987 702 1053 Francorum
733 996 841 1052 castro
872 989 1038 1053 mucidum
1069 989 1149 1074 repis

290 1085 477 1172 duplorum,
497 1086 639 1172 quierat
660 1087 696 1152 iu
710 1087 887 1165 Floadrio,
904 1087 1055 1152 hostiliter
1071 1110 1149 1173 pro-

297 1185 426 1250 casem.

250 1308 319 1373 His
337 1329 474 1394 quoquo
495 1309 616 1374 diebus
638 1310 813 1374 exercitus
832 1312 924 1393 regis
941 1311 1148 1394 Anglorum,
1161 1326 1265 1418 332¹th

198 1409 258 1493 qni
274 1411 399 1474 eratin
417 1410 594 1487 Flandria,
614 1409 702 1473 adeo
724 1409 966 1475 debacchando
988 1412 1146 1487 invaluit,

196 1517 248 1586 nt,
275 1509 433 1592 plurimis
462 1508 683 1593 depopulatis
706 1510 907 1592 provinciis,
922 1510 997 1594 jam
1019 1530 1149 1593 pagum

194 1609 373 1690 ingressus
397 1609 644 1673 Pontivensem
666 1607 796 1672 crudeli
820 1609 921 1672 nimis
942 1610 1068 1673 ibidem
1092 1629 1149 1674 ra-

194 1708 249 1771 bie
280 1707 489 1787 desaeviret3
521 1716 622 1772 erant
653 1707 745 1771 enim
775 1708 811 1772 in
838 1708 903 1772 bac
929 1709 1149 1791 expeditione

195 1807 263 1871 viri
279 1807 437 1871 bellicosi
454 1808 543 1871 etin
559 1826 597 1871 re
611 1806 756 1870 militari
775 1808 923 1890 experti,
939 1807 1149 1885 Willelmus,

195 1905 269 1969 dux
304 1905 518 1983 Hollondiee,
555 1905 784 1989 Reginaldus,
822 1907 997 1988 quondam
1034 1927 1149 1971 comes

198 2005 378 2082 Bononiae,
403 2005 614 2082 Ferrandus,
628 2024 743 2069 comcs
765 2005 953 2083 Flandriae,
974 2005 1084 2089 Hugo
1106 2007 1149 2071 de

196 2105 324 2183 Boves,
341 2105 441 2169 miles
465 2113 627 2169 strenuus
653 2105 713 2168 sed
738 2105 888 2170 crudelis
911 2113 947 2170 et
966 2107 1149 2189 superbus,

198 2205 258 2288 qui
274 2212 374 2269 tanta
393 2206 429 2268 in
449 2206 607 2288 partibus
621 2204 691 2267 illis
711 2206 806 2269 rabie
827 2205 1006 2284 saeviebat,
1030 2215 1070 2271 ut
1086 2226 1149 2270 nec

197 2303 336 2387 quidem
358 2305 459 2368 sexui
481 2304 639 2369 muliebri
660 2322 723 2368 nec
744 2306 969 2387 parvulorum
994 2316 1152 2388 parceret

198 2404 307 2467 aetati.
353 2403 434 2468 Rex
452 2412 568 2469 autem
583 2403 607 2467 J
609 2402 764 2467 ohannes
779 2405 1007 2469 constituerat
1022 2425 1151 2470 mares·

198 2501 347 2567 challum
361 2503 454 2566 illius
469 2502 645 2568 exercitus
655 2501 867 2567 Willelmum
882 2502 1024 2568 fratrem
1037 2524 1149 2584 suum,

199 2604 360 2667 comitem
369 2601 669 2678 Saresbiriensem,
683 2621 761 2665 cum
771 2601 896 2665 militia
908 2601 1151 2686 regnidnglo-

199 2721 288 2779 rum,
310 2709 351 2766 ut
367 2722 446 2766 cum
469 2702 555 2785 ipsis
576 2701 743 2765 militaret
765 2708 870 2784 etque
897 2700 975 2765 aliis
1001 2703 1152 2770 militan-

201 2803 292 2866 tibus
307 2800 350 2864 de
364 2801 449 2865 fisco
471 2801 645 2884 stipendia
662 2801 887 2865 ministraret.
940 2800 1151 2867 Habuerunt

201 2908 370 2983 praeterea
384 2899 488 2964 iidem
502 2900 687 2965 bellatores
706 2899 867 2978 Othonis,
879 2899 1031 2966 Romani
1045 2903 1153 2984 impe-

201 2999 338 3077 ratoris,
365 3000 535 3064 auxilium
560 3000 692 3082 pariter
719 3006 754 3063 et
778 2999 945 3077 savorem,
971 3020 1050 3064 cnm
1064 3009 1151 3066 ‘toto

201 3119 304 3182 posse
326 3099 423 3164 ducis
446 3099 612 3165 Lovnniae
634 3107 670 3163 et
690 3099 970 3178 Brabnntiorum,
995 3099 1055 3184 qni
1076 3101 1152 3184 pari

201 3199 384 3283 tyrannide
413 3199 449 3262 in
479 3198 717 3281 Francigenas
746 3199 948 3264 saeviebant.
994 3200 1152 3284 Cumque

201 3298 349 3382 denique
371 3298 446 3361 baec
470 3298 586 3362 omnia
616 3297 660 3362 ad
686 3298 844 3363 notitiam
870 3297 1036 3383 Philippi,
1060 3303 1153 3383 regis

204 3398 431 3475 Francorum,
455 3398 688 3474 devenissent,
713 3400 934 3480 perturbatus
960 3405 1014 3462 est
1039 3399 1152 3477 valde,

201 3499 326 3561 timens
345 3517 390 3562 ne
409 3497 581 3562 sufficeret
596 3496 640 3561 nd
663 3497 755 3561 illins
777 3497 888 3581 partis
909 3496 1153 3576 defensionem,

200 3598 261 3679 qui
276 3614 387 3679 nuper
405 3596 627 3662 Lodowicnm
650 3596 758 3659 filium
780 3616 880 3661 suum
903 3615 981 3659 cum
998 3598 1153 3660 exercitu

201 3696 343 3778 copioso
357 3696 394 3759 in
407 3696 602 3761 Pictaviam
618 3695 795 3760 direxerat
811 3702 934 3759 contra
951 3714 1067 3776 regem
1079 3695 1153 3760 An·

202 3795 351 3876 glornm,
373 3803 413 3860 ut
427 3795 504 3881 ejus
524 3796 685 3860 incursus
706 3794 848 3859 bellicos
865 3795 1090 3875 refraenaret3
1119 3802 1154 3859 et

201 3893 283 3958 licet
312 3895 403 3959 idem
429 3915 493 3960 rex
522 3896 651 3978 saepius
681 3894 874 3959 revolveret
898 3894 982 3957 illud
1009 3895 1154 3977 vulgare

201 3996 434 4077 proverbium,

304 4104 457 4163 ‘Pluribus
471 4105 595 4162 intentus
609 4103 702 4161 minor
715 4111 759 4160 est
772 4102 808 4159 ud
822 4103 934 4181 singula
948 4106 1068 4171 sensus.'

203 4223 330 4293 tamen,
368 4217 523 4281 exercitu
564 4235 693 4297 magno
731 4224 944 4297 congregato
980 4215 1157 4295 comitum,
