2970 5016
341 473 410 537 378
600 485 736 533 noonru
759 485 807 532 nn
824 484 1033 533 wannovua

183 665 238 705 nn
250 664 306 703 me
344 646 432 707 wico
452 651 488 707 et
503 642 630 706 damna
652 643 763 706 multa
779 643 921 718 fecerat,
942 650 1060 706 castra
1073 660 1141 704 sua
1157 650 1296 722 ceperat

184 716 296 803 ma
344 751 380 806 et
400 741 513 806 adhuc
540 742 666 805 milites
688 761 772 805 suos
793 751 829 804 et
848 742 1040 805 servientes
1061 741 1296 803 incarceratos

182 812 327 912 ι”.ιιὲῗιιῗ
343 841 483 916 retinet,
500 849 535 903 et
551 840 753 922 bucusque
744 860 780 902 ιιι
791 859 901 903 werra
916 848 970 902 est
985 848 1108 902 contra
1119 838 1295 902 dominum

345 939 580 1016 Lodowicum,
597 957 661 1001 uec
676 957 796 1020 pacem
814 938 869 1002 vel
891 945 1048 1018 trengam
1066 956 1147 1000 cum
1169 956 1214 1000 eo
1234 936 1294 998 lra-

344 1040 425 1102 bere
455 1037 577 1114 voluit,
611 1056 716 1119 super
743 1037 809 1099 boo
836 1038 940 1100 etiam
973 1055 1068 1117 saepe
1092 1035 1294 1117 requisitus.

346 1136 436 1200 Item
453 1136 539 1199 dicit
552 1154 656 1218 papa,
674 1135 767 1217 quod
784 1134 826 1197 de
842 1136 1015 1198 communi
1030 1133 1178 1197 consilio
1192 1151 1296 1213 gene-

344 1235 427 1297 ralis
449 1234 585 1298 concilii
610 1233 970 1297 excommunicaverat
989 1234 1137 1295 barones
1157 1230 1295 1310 Angliae

344 1341 380 1397 et
402 1352 520 1396 omnes
542 1333 695 1396 fautores
717 1351 848 1408 eorum,
870 1333 976 1395 etita
1000 1331 1161 1395 dominus
1182 1328 1294 1392 Lodo-

344 1432 453 1495 wicus
464 1433 669 1494 senteutiam
683 1431 869 1494 incurrisse
882 1430 1029 1494 videtur.
1061 1428 1189 1491 Nuntii
1201 1427 1294 1491 (lixe-

344 1538 438 1605 runt,
455 1530 547 1611 quod
568 1528 773 1592 Lodowious
795 1548 865 1592 non
887 1529 1034 1611 adjuvat
1054 1528 1205 1589 barones
1220 1525 1293 1589 An-

344 1628 424 1708 glioe
439 1647 501 1690 nec
517 1625 613 1691 fovet
626 1646 698 1701 eos,
711 1626 771 1689 sed
779 1627 840 1708 jus
851 1645 951 1689 suum
966 1625 1209 1707 prosequitur;
1232 1644 1293 1687 nec

344 1726 447 1789 etiam
466 1725 575 1788 credit
592 1724 810 1800 Lodowicus,
827 1744 890 1788 nec
911 1725 1050 1788 credere
1065 1723 1181 1798 (lebet,
1198 1722 1289 1804 quod

344 1823 502 1887 dominus
525 1841 617 1904 papa
634 1822 689 1886 vel
711 1831 846 1886 tantum
869 1822 1052 1886 concilium
1081 1821 1213 1903 injuste
1231 1821 1292 1884 ali·

343 1942 446 2004 quem
468 1922 553 1984 velit
577 1922 889 1997 excommunicare,
919 1940 1000 1984 nam
1026 1927 1184 2001 tempore
1215 1919 1291 1982 lata

344 2021 526 2085 sententiaa
543 2019 701 2082 dominus
717 2038 809 2102 papa
829 2020 1005 2083 nesciebat
1021 2018 1115 2100 quod
1132 2017 1290 2082 Lodowi·

344 2137 405 2180 cus
422 2119 563 2181 baberet
576 2118 637 2198 jus
652 2118 695 2180 de
711 2137 819 2198 regno
836 2116 986 2199 Angliae,
1001 2125 1049 2193 et,
1063 2136 1145 2180 cum
1162 2115 1225 2179 boc
1243 2115 1292 2178 illi

343 2215 549 2291 constiterit,
572 2233 643 2277 non
662 2216 772 2278 credit
789 2216 950 2279 dominus
968 2215 1178 2279 lodowicus
1199 2213 1290 2295 quod

343 2313 525 2376 concilium
542 2313 653 2392 possit
668 2314 700 2375 ei
709 2314 771 2394 jus
784 2333 884 2377 suum
900 2314 1047 2379 auferre.
1101 2313 1194 2377 Item
1213 2312 1293 2375 dicit

343 2428 448 2494 papa,
470 2410 564 2492 quod
587 2428 650 2473 rex
674 2409 887 2475 Francorum
910 2420 946 2475 et
970 2412 1179 2476 Lodowicus
1205 2410 1293 2474 filius

344 2508 432 2592 ejus,
460 2516 541 2591 post
565 2510 772 2573 seutentiam
802 2528 824 2573 a
852 2510 1039 2573 baronibus
1068 2509 1229 2573 Franciae
1257 2510 1293 2572 in

344 2627 461 2688 regem
482 2606 623 2688 Angliae
643 2607 763 2684 latam,
783 2609 898 2688 ipsum
920 2607 1071 2690 ‘regem'
1093 2607 1292 2691 appellave-

343 2714 424 2768 runt
441 2712 476 2768 et
497 2725 560 2787 pro
579 2725 661 2785 rege
681 2705 887 2782 babuerunt,
909 2715 1041 2771 etcum
1062 2726 1104 2770 eo
1127 2714 1290 2786 tanquam

343 2823 421 2868 cum
452 2823 533 2884 rege
552 2802 691 2884 Angliae
714 2812 857 2884 treugas
882 2812 1093 2869 statuerunt.
1138 2803 1196 2867 Ad
1218 2803 1292 2866 baec

344 2903 454 2965 nuntii
473 2901 733 2983 responderunt,
750 2902 857 2983 quod,
871 2912 950 2983 post
961 2903 1069 2966 latam
1086 2903 1292 2966 sententiam

344 3019 366 3063 a
388 3001 574 3064 baronibus
600 3000 635 3061 iu
658 3019 785 3079 regem,
808 3019 985 3082 nunquam
1007 3000 1105 3063 illum
1130 3019 1292 3082 proroga

344 3099 547 3172 babuerunt,
565 3095 625 3158 sed
647 3097 762 3178 ipsum
781 3103 919 3180 ‘regem
942 3099 1153 3181 depositum'
1173 3099 1292 3180 appel·

343 3197 516 3272 laverunt,
538 3195 628 3258 sicut
644 3197 751 3258 abbas
774 3197 964 3278 depositus,
980 3205 1016 3260 et
1029 3197 1176 3279 quilibet
1194 3198 1293 3273 alius,

344 3296 412 3360 dici
430 3294 529 3357 solet.
576 3293 775 3357 Novissime
790 3316 873 3360 vero
889 3296 973 3360 dicit
989 3315 1091 3378 papa,
1108 3295 1203 3377 quod
1220 3297 1293 3376 ipse

344 3401 476 3458 statuet
490 3411 595 3474 super
612 3391 664 3455 bis
679 3401 866 3476 antequam
876 3396 1016 3459 veniant
1033 3395 1148 3458 nuntii
1164 3393 1293 3458 domini

344 3492 515 3555 Walouis.

403 3662 543 3741 Qualiter
557 3662 740 3728 Lodowicua
754 3663 915 3729 orientales
930 3662 1056 3748 Acylla
1062 3664 1249 3749 provincias

711 3762 927 3827 monetaverit.

183 3905 228 3943 nou
230 3901 290 3942 ιιι
395 3885 466 3948 Sub
482 3885 967 3962 d1ebusrst1sLodowrcusru
983 3885 1295 3967 fort1tud1negrav1

183 3964 264 4091 iffi·
228 3951 332 4091 ωἶοὲιω
345 4002 465 4048 versus
493 3985 693 4050 orientalem
719 3982 857 4066 Angliae
884 3984 1024 4066 plagam
1047 3985 1295 4065 equitationem

184 4102 285 4142 anim
344 4083 486 4160 faciens,
511 4087 615 4149 urbes
633 4093 668 4147 et
685 4084 786 4147 villas
803 4083 847 4148 do
871 4083 995 4160 Easex,
1014 4082 1174 4146 Suthfolc
1194 4090 1232 4145 et
1254 4083 1295 4145 de

346 4181 507 4247 Nortsolc
520 4182 761 4249 miserabiliter
772 4182 947 4266 spoliavit,
962 4190 997 4246 et
1007 4182 1189 4247 castellum
1202 4181 1238 4245 N
1241 4200 1294 4245 or
