2970 5016
344 472 410 535 358
593 487 729 534 socam
756 486 804 533 nr
826 485 1035 535 wannovna

528 720 577 782 De
591 717 824 803 dcpopnlaertioiw
838 716 977 780 Elimeia
993 716 1112 779 insule.

184 856 307 897 nnius
396 836 542 905 Eodem¹
559 852 712 924 ternpore
730 841 909 906 Walterus
926 841 1022 904 Bucc
1041 860 1120 903 cum
1141 840 1297 904 Braban·

183 905 305 955 utantur

182 956 269 996 vm

346 942 404 1006 tiis
427 943 511 1019 suis,
534 960 656 1005 versus
678 935 870 1005 ’Herebeie
893 940 1066 1004 Eliensem
1088 940 1227 1004 intrans
1249 942 1299 1003 in·

347 1041 471 1119 sulam,
500 1043 544 1106 ab
572 1042 731 1105 omnibus
763 1040 917 1105 ecclesiis
946 1039 983 1102 in
1009 1039 1072 1103 illa
1096 1041 1298 1104 constitutis

346 1141 502 1205 homines
525 1142 664 1222 rapiens
693 1139 928 1204 crudelissimo
954 1138 1108 1202 cruciatu
1141 1140 1186 1203 ad
1219 1159 1299 1220 gla-

346 1241 523 1304 vissimam
553 1240 820 1322 redemptionem
846 1238 988 1321 coegit3
1020 1257 1083 1302 nec
1107 1247 1185 1302 erat
1209 1238 1299 1302 reiu-

346 1340 454 1421 ginm,
477 1341 535 1403 nbi
558 1339 615 1404 vel
640 1339 870 1403 substantiam
890 1339 947 1401 vel
969 1357 1094 1420 corpus
1120 1339 1298 1420 proprium

346 1458 367 1502 a
396 1439 548 1521 periculo
580 1439 754 1515 liberaret,
785 1456 900 1502 comes
933 1456 1082 1520 namque
1114 1437 1298 1501 Saresbiri

347 1539 439 1601 ensis
464 1546 500 1603 et
525 1539 705 1602 Falcasius
726 1557 804 1602 cnm
827 1537 992 1602 Savarico
1013 1538 1056 1600 de
1080 1536 1298 1601 Malo-leone

347 1657 366 1700 e
390 1639 531 1718 regione
556 1639 745 1714 venientes,
771 1657 835 1720 per
858 1644 999 1720 pontem
1024 1636 1068 1699 de
1091 1635 1298 1700 Stanteneia

347 1737 493 1800 insulam
521 1737 681 1818 ingressi,
707 1737 824 1800 omnia
852 1735 1106 1819 depopulando,
1131 1736 1298 1800 ecclesias

347 1855 465 1902 omnes
491 1836 684 1918 spoliando,
706 1835 948 1919 praedictorum
975 1835 1140 1918 reliquias
1163 1837 1297 1918 praedo

347 1955 428 1999 num
456 1937 594 2019 penitus
619 1943 820 2018 rapuerunt.
877 1934 1121 1999 Gathedralem
1149 1934 1297 2018 deniqne

346 2035 476 2099 strictis
499 2036 640 2099 ensibus
667 2035 815 2116 ingressi
841 2034 1033 2110 ecclesiam,
1059 2041 1142 2116 post
1164 2036 1297 2117 gravis·

345 2135 467 2196 simam
489 2142 526 2197 et
548 2134 802 2216 spoliationem,
826 2153 869 2197 ue
895 2134 977 2215 igne
1006 2142 1296 2211 concremaretur,

344 2233 439 2313 prior
461 2232 528 2294 loci
549 2251 625 2295 eam
646 2233 804 2296 ducentis
824 2241 861 2297 et
875 2252 997 2298 novem
1017 2232 1143 2296 marcis
1160 2234 1295 2316 argenti

344 2331 405 2393 vix
426 2331 581 2395 redemit.
634 2331 805 2396 Dominus
824 2341 993 2415 praeterea
1011 2332 1212 2415 Stephanus
1233 2333 1295 2397 Ri-

346 2427 402 2492 del
423 2431 468 2494 ab
499 2431 646 2495 ecclesia
667 2431 837 2496 violenter
862 2439 1041 2496 extractus
1072 2432 1192 2496 omnia
1218 2452 1295 2516 per·

345 2527 433 2594 didit
462 2549 541 2613 qnae
575 2529 737 2608 habebat,
773 2550 881 2614 equos
918 2531 1080 2596 videlicet
1109 2539 1148 2596 et
1177 2531 1295 2608 libros,

345 2630 509 2693 utensilia
540 2631 656 2694 omnia
687 2638 723 2694 et
744 2649 857 2711 vasa;
891 2649 1017 2713 corpus
1045 2650 1185 2714 quoque
1212 2652 1293 2715 pro·

345 2727 469 2810 prium,
484 2729 575 2792 datis
590 2736 727 2794 centnm
750 2731 888 2806 marcis,
904 2749 927 2793 a
942 2749 1122 2812 poenarum
1137 2732 1292 2795 cruciatu

248 2832 261 2855 ⁸
343 2828 403 2891 vix
427 2828 597 2893 liberavit.
651 2829 784 2894 Milites
803 2837 919 2893 autem
937 2849 1080 2893 numero
1096 2830 1292 2912 quindecim

343 2927 378 2989 in
404 2927 519 2991 insula
543 2929 636 3010 capti
662 2936 756 3006 snnt,
779 2949 857 2993 curn
882 2929 960 2992 aliis
982 2929 1181 2994 hominibus
1205 2931 1293 2994 mul·

347 3026 391 3089 tis
411 3026 556 3090 diversae
579 3028 798 3092 conditionis.
852 3028 1013 3092 Ditiones
1028 3029 1156 3093 milites
1176 3038 1211 3094 et
1231 3050 1293 3094 no·

343 3125 494 3202 biliores,
525 3125 605 3190 licet
633 3145 711 3190 cum
743 3128 872 3205 labore,
903 3146 1008 3211 super
1035 3129 1182 3211 glaciem
1213 3150 1294 3194 eva-

342 3224 464 3288 dentes
484 3225 525 3289 ad
546 3228 664 3290 urbem
683 3227 939 3291 Londoniarnm
958 3228 1193 3308 aul'ugernnt3
1217 3230 1292 3312 qui·

341 3324 420 3387 darn
439 3343 521 3389 vero
545 3345 675 3402 eorum,
699 3327 937 3392 deficientibus
959 3329 1058 3409 equis
1082 3329 1116 3391 in
1140 3328 1199 3392 via
1221 3348 1292 3412 prae

341 3423 558 3501 lassitudine,
586 3427 679 3507 capti
710 3433 803 3503 sunt,
836 3426 901 3490 iter
931 3446 1098 3510 peragere
1129 3448 1200 3491 non
1234 3448 1293 3493 va-

341 3521 463 3589 lentes,
529 3524 575 3589 Et
605 3526 656 3587 sic
684 3526 808 3589 deinde
841 3527 968 3603 omnia,
1000 3547 1079 3610 qnae
1108 3527 1143 3590 in
1179 3528 1293 3592 insula

341 3631 450 3699 crant,
469 3625 671 3705 praedonum
694 3626 813 3689 usibus
835 3625 909 3690 sine
932 3627 1206 3692 contradictione
1220 3648 1293 3692 ces-

340 3730 470 3787 serunt.

375 3897 486 3948 'Eodem
507 3901 647 3962 tempora]
677 3901 800 3962 Compare
826 3902 854 3950 ol
873 3902 915 3950 the
938 3915 1019 3963 army,
1037 3901 1087 3949 and
1108 3917 1163 3951 was
1186 3904 1228 3953 the
1250 3905 1292 3952 old

339 3968 508 4031 Coggeshale,
519 3985 544 4030 p.
558 3975 613 4019 110.
827 3971 984 4020 fortification
1000 3972 1085 4020 where
1101 3972 1143 4021 the
1162 3975 1291 4035 Conquer-

376 4038 513 4088 'Hereleic
522 4041 544 4103 ,·]
562 4044 568 4067 ‘
582 4042 599 4091 i.
612 4056 632 4089 e.
651 4039 692 4088 the
710 4041 800 4089 station
827 4036 875 4089 nr's
884 4056 953 4101 army
963 4042 1005 4101 lay
1016 4041 1037 4102 ;'
1048 4042 1157 4106 'l'yrrell‚
1166 4045 1193 4093 ii.
1201 4048 1290 4105 pllio.
