2970 5016
338 473 404 537 360
593 487 728 535 nucum
751 488 799 535 ns
821 486 1030 536 wranovnn

179 655 302 696 A-1>¹²¹⁶·
341 647 452 708 nuntii
487 664 567 709 cum
599 643 820 708 festinatione
851 643 894 707 ad
929 662 1043 724 regem
1078 642 1291 706 Francorum

339 744 505 808 etlilium
536 744 613 828 ejus
642 742 864 808 Lodowicum
887 744 1065 806 venientes
1093 742 1215 805 literas
1243 745 1291 806 eis

339 844 524 926 praedictas
557 851 814 925 porrexerunt3
857 842 983 924 quibus
1017 841 1205 922 diligenter
1243 843 1293 905 in·

339 944 469 1026 epactis
498 951 533 1007 et
557 943 731 1023 sagaciter
761 941 957 1015 intellectis,
993 960 1055 1003 rex
1080 941 1215 1004 nuntiis
1240 962 1293 1006 re-

340 1041 493 1124 spondit,
507 1061 545 1105 se
564 1041 670 1104 filium
689 1060 790 1105 suum
813 1060 884 1104 non
901 1041 1086 1104 missurum
1104 1048 1291 1123 antequam

341 1161 364 1205 a
392 1142 579 1205 baronibus
608 1141 652 1204 ad
688 1140 853 1224 majorem
887 1140 1108 1203 securitatem
1141 1142 1291 1222 optimos

340 1240 484 1305 haberet
512 1240 660 1317 obsides,
686 1241 809 1325 viginti
839 1247 990 1322 quatuor
1019 1238 1064 1302 ad
1096 1240 1224 1315 minus,
1249 1241 1291 1304 de

343 1340 567 1404 nobilioribus
587 1341 694 1404 totius
717 1341 826 1421 regni.
874 1338 998 1403 Nuntii
1022 1358 1105 1402 vero
1133 1338 1209 1403 lraec
1233 1358 1292 1402 au-

342 1439 475 1504 dientes
503 1439 670 1504 citissimo
700 1440 818 1503 volatu
853 1439 1039 1502 baronibus
1075 1457 1291 1520 responsum,

343 1540 434 1621 quod
463 1546 680 1621 acceperant,
706 1539 933 1616 remiserunt;
965 1538 1090 1614 atilli,
1114 1538 1210 1601 aliud
1238 1558 1291 1602 re·

343 1638 474 1718 fugium
495 1658 563 1702 non
584 1639 759 1717 habentes,
778 1638 853 1719 regi
872 1637 1085 1700 Francorum
1106 1656 1170 1719 pro
1192 1637 1293 1701 libitu

343 1754 407 1801 suo
424 1737 561 1801 obsides
576 1738 777 1802 direxerunt
791 1754 934 1800 numero
949 1736 1162 1817 supradicto.
1208 1736 1292 1815 Qui·

343 1836 407 1899 bus
438 1838 585 1918 receptis
618 1845 654 1901 et
686 1837 777 1918 apud
812 1835 1059 1918 Compendium
1093 1838 1160 1900 sub
1194 1837 1291 1901 salva

342 1937 501 2000 custodia
534 1936 722 2020 deputatur,
753 1937 927 2000 animatus
956 1944 1010 1999 est
1037 1934 1290 2017 aliquantulum

343 2035 562 2112 lodowicus,
578 2036 712 2119 iterque
731 2056 830 2100 suum
854 2036 1035 2117 disponere
1054 2054 1132 2098 cum
1151 2036 1290 2100 festina·

343 2134 435 2197 tione
454 2135 603 2210 vacavit,
620 2135 711 2217 quod
729 2155 833 2218 super
849 2135 964 2199 omnia
980 2133 1189 2213 atl'rctabat3
1219 2135 1290 2212 sed,

341 2233 504 2315 quoniam
529 2233 636 2296 motio
652 2234 761 2315 ipsius
785 2234 960 2299 Lodowici
985 2233 1028 2297 ad
1049 2242 1121 2297 tam
1145 2235 1290 2298 arduum

342 2331 594 2413 expediendum
627 2334 803 2413 negotium
831 2334 904 2398 fieri
932 2334 1193 2415 praecipitanter
1222 2354 1290 2399 non

324 2432 468 2514 potuit,
491 2432 585 2495 misit
604 2432 772 2514 quosdam
797 2452 1026 2516 praecursores
1053 2452 1137 2496 suos
1165 2436 1200 2497 in
1220 2434 1290 2498 An·

342 2530 447 2612 gliam
479 2540 560 2595 ante
592 2533 713 2595 faciem
744 2552 855 2609 suam,
886 2552 949 2615 per
980 2551 1067 2614 quos
1104 2533 1291 2598 baronibus

341 2647 436 2712 spem
460 2631 630 2696 conferret
646 2639 681 2695 et
699 2631 899 2696 fidelitatem
921 2651 1039 2696 eorum
1061 2633 1290 2713 experiretur.

344 2727 496 2793 Nomina
522 2738 637 2793 autem
662 2749 777 2794 eorum
803 2731 878 2795 haec
904 2738 997 2808 sunt,
1020 2732 1232 2795 castellanus
1249 2733 1290 2796 de

342 2837 464 2892 sancto
491 2828 702 2906 Andomaro,
732 2831 942 2895 castellanus
967 2830 1009 2894 de
1031 2829 1155 2908 Arraz,
1182 2832 1288 2914 Hugo

342 2926 499 3005 Thacun,
543 2929 752 2993 Eustachius
792 2932 835 2993 de
872 2930 1025 3005 Nevilla,
1066 2931 1289 2995 Baldewinus

343 3026 473 3103 Bretel,
490 3028 546 3091 W.
568 3028 611 3091 de
627 3029 771 3105 WimeS,
794 3030 937 3111 Egidius
956 3030 998 3093 de
1021 3029 1156 3107 Melum,
1174 3030 1232 3095 W.
1249 3031 1290 3094 de

343 3125 585 3203 Bello-monte,
608 3127 753 3209 Egidius
776 3129 819 3192 de
842 3129 962 3205 Hersi,
986 3131 1084 3193 Biset
1103 3130 1146 3193 dc
1173 3131 1287 3208 Fersi;

342 3223 376 3287 hi
400 3244 518 3288 omnes
545 3246 622 3290 cum
645 3229 785 3309 sequela
808 3248 936 3311 magna
961 3230 1108 3292 militum
1131 3238 1168 3294 et
1188 3226 1290 3294 clienss

342 3332 414 3388 tum
438 3345 499 3407 per
515 3325 702 3390 Thamisiae
721 3328 848 3391 flumen
868 3328 1114 3392 descendentes
1137 3349 1216 3393 cum
1239 3331 1289 3393 in·

341 3425 436 3504 genti
466 3426 632 3488 baronum
660 3426 782 3490 laetitia
811 3427 854 3490 ad
888 3430 1004 3491 urbem
1033 3427 1289 3493 Londoniarum

341 3533 571 3604 pervenerunt
607 3527 708 3588 tertio
747 3524 913 3591 kalendas
950 3528 1080 3590 Martii.
1161 3529 1288 3593 Eodem

341 3629 495 3705 tempore
529 3624 738 3706 Stephanae,
768 3624 1028 3690 Cantuariensis
1061 3627 1290 3711 archiepisco·

341 3741 416 3801 pua,
444 3722 576 3799 Romae,
600 3723 683 3787 data
712 3725 872 3789 cautione
902 3728 992 3809 quod
1022 3735 1132 3790 staret
1159 3728 1289 3811 judicio

340 3821 469 3883 domini
504 3842 604 3903 papae
641 3824 683 3886 de
720 3826 821 3889 rebus
859 3827 1017 3908 superius
1054 3830 1289 3908 expressiS,a

340 3923 512 3984 sententia
536 3922 772 4002 suspensionis
796 3925 976 3989 absolutus
999 3934 1064 4001 est,
1087 3927 1139 3989 ita
1163 3936 1289 4001 tamen,

339 4021 430 4099 quod
449 4030 529 4084 anto
550 4041 667 4102 pacem
689 4023 779 4086 inter
802 4044 914 4105 regem
935 4035 970 4088 et
986 4026 1134 4088 barones
1150 4025 1287 4109 Angliae

338 4118 439 4203 pleno
458 4120 673 4185 reformatam
692 4121 855 4206 Angliam
873 4144 941 4187 non
958 4126 1113 4189 intraret.
