2970 5016
351 477 416 542 332
613 488 748 536 noonnr
773 488 820 535 nn
844 487 1052 536 vvnrvnovnn

180 665 301 704 nomm.
345 656 414 710 tem
438 645 598 708 auferens
618 644 713 726 ipsos
734 643 913 708 obsidione
932 642 1091 706 vallavit.
1149 642 1303 724 Cumque

346 765 407 807 rex
439 745 609 825 petrarias
639 752 674 807 et
697 743 784 806 alias
817 741 994 806 machinas
1026 743 1121 805 circa
1155 749 1302 804 castrum

345 843 563 918 collocasset,
582 843 734 906 inclusos
756 841 931 922 lapidibus
954 841 1105 903 assiduis
1122 848 1159 903 et
1177 841 1303 904 crebris

347 942 492 1005 telorum
506 941 635 1025 jaculis
653 942 779 1004 acriter
795 939 1002 1018 infestabat3
1026 939 1153 1003 inclusi
1170 958 1303 1021 quoque

347 1041 498 1103 insultus
521 1059 638 1104 eorum
662 1058 763 1121 aeqno
786 1037 937 1102 serentes
958 1039 1074 1101 animo
1099 1057 1179 1101 sese
1202 1037 1300 1101 virili-

348 1148 402 1201 ter
426 1138 668 1215 defendebant,
698 1138 884 1219 hostesque
904 1156 931 1211 ¹a
956 1137 1062 1199 muns
1087 1155 1207 1200 arcere
1233 1135 1304 1199 lon-

349 1238 428 1318 gius
451 1244 662 1319 satagentes.

582 1412 631 1475 De
645 1420 740 1474 morte
753 1410 896 1495 Hisponis
911 1409 948 1473 de
963 1410 1069 1473 Boves.

400 1534 509 1598 Venit
524 1534 656 1598 interea
677 1532 785 1613 Hugo
803 1531 846 1594 de
865 1531 993 1606 Boves,
1017 1529 1117 1592 miles
1140 1537 1300 1592 strennus

349 1633 409 1696 sed
435 1634 604 1714 superbus
630 1641 665 1696 et
687 1633 840 1713 iniquus,
863 1629 907 1693 ad
932 1636 1070 1711 portum
1096 1627 1245 1691 Calesiae
1268 1629 1301 1690 in

352 1731 516 1794 Flandria
539 1751 616 1794 cum
641 1730 820 1792 innumera
845 1727 1066 1792 multitudine
1090 1734 1301 1789 armatorum

349 1831 384 1892 in
406 1829 574 1893 auxilium
598 1829 689 1910 regis
707 1828 915 1909 Anglorum,
934 1827 991 1889 ubi
1012 1845 1090 1889 cum
1114 1832 1193 1888 tota
1216 1825 1299 1887 mul-

350 1929 497 1992 titudine
529 1948 592 1992 sua
623 1946 731 1990 naves
766 1927 942 2006 ingressus
970 1943 1093 1989 versus
1126 1924 1299 1986 Doveram

352 2027 428 2089 vela
454 2027 603 2107 dirigere
628 2027 834 2105 satagebat3
867 2023 928 2087 sed
952 2024 1068 2086 subita
1097 2030 1301 2105 tempestate

350 2126 506 2198 suborta,
535 2132 722 2205 antequam
753 2122 983 2186 desideratam
1020 2123 1238 2203 pervenisset
1259 2120 1300 2183 ad

350 2229 500 2303 portum,
533 2217 769 2301 ¹uausragium
803 2222 956 2303 perpessi
990 2238 1110 2283 omnes
1148 2220 1186 2282 in
1219 2220 1301 2281 mari

350 2319 518 2382 submersi
533 2325 616 2382 sunt
630 2328 665 2382 et
679 2338 701 2382 a
717 2319 879 2383 fluctibus
895 2318 1064 2383 devorati.
1119 2317 1301 2400 Projectus

351 2426 404 2481 est
426 2418 539 2482 dictus
565 2417 673 2499 Hugo
698 2419 733 2480 in
758 2419 887 2481 siccum
912 2438 980 2481 non
1010 2416 1115 2498 longe
1143 2435 1167 2479 a
1189 2425 1299 2499 portu,

351 2518 410 2598 qui
430 2510 665 2581 ²Gernemeue
687 2516 895 2599 appelletur,
917 2536 995 2580 cum
1013 2515 1091 2578 aliis
1113 2516 1301 2579 innumeris

351 2617 516 2680 militibus
545 2625 580 2679 et
601 2616 845 2691 servientibus,
879 2622 984 2696 atque
1014 2615 1049 2677 in
1074 2614 1162 2677 locis
1190 2614 1300 2677 diver·

351 2716 399 2778 sis
417 2716 452 2779 in
470 2715 531 2778 illa
548 2716 652 2778 maris
675 2722 773 2795 parte
793 2715 828 2776 in
846 2715 1015 2795 portubus
1038 2713 1188 2794 siugulis
1206 2722 1300 2776 tanta

351 2813 524 2877 hominum
559 2823 594 2877 et
624 2813 804 2875 mulierum
843 2812 1026 2875 multitudo
1059 2812 1206 2875 inventa
1237 2820 1298 2887 est,

351 2913 444 2994 quod
472 2913 576 2975 etiarn
608 2931 721 2974 aerem
743 2911 855 2993 ipsum
879 2930 943 2974 sua
966 2911 1148 2992 putredine
1177 2910 1299 2974 insece·

352 3018 453 3089 rnnt;
484 3010 615 3072 inventi
644 3017 725 3071 sunt
748 3017 929 3091 praeterear
946 3008 1172 3091 parvulorum
1201 3011 1299 3071 innu-

352 3126 446 3169 mera
467 3106 665 3184 multitudo,
689 3108 747 3189 qui
771 3109 806 3170 in
831 3109 903 3170 suis
927 3108 1107 3171 cunabulis
1133 3109 1299 3170 submersi

352 3206 443 3267 etin
478 3213 604 3268 terram
636 3207 780 3290 projecti
816 3206 934 3269 multis
967 3206 1130 3269 horribile
1168 3214 1301 3288 specta·

351 3304 465 3366 culum
489 3305 721 3384 praebuerunt.
786 3305 870 3367 Dati
897 3313 979 3367 sunt
1003 3304 1151 3385 denique
1185 3324 1299 3368 omnes

352 3404 469 3466 bestiis
489 3396 613 3467 ³maris
629 3412 662 3467 et
679 3403 753 3465 eaeli
774 3403 972 3467 volatilibus
991 3403 1033 3465 ad
1055 3403 1301 3476 devorandum,

351 3503 401 3563 ita
425 3502 516 3583 quod
543 3522 606 3566 nec
629 3521 689 3582 pes
712 3521 800 3564 unus
823 3522 866 3564 ex
892 3502 1125 3584 quadraginta
1150 3502 1300 3564 millibus

352 3599 526 3663 hominum
544 3601 645 3663 vivus
663 3600 783 3663 evasit.
831 3600 939 3664 Venit
955 3619 1038 3680 ergo
1056 3599 1099 3663 ad
1118 3599 1185 3663 hoc
1203 3619 1300 3664 omne

352 3718 461 3777 genus
482 3699 657 3762 hominum
682 3699 716 3760 in
739 3698 903 3780 Angliam
930 3719 1008 3761 eum
1036 3699 1239 3761 mulieribus
1262 3716 1300 3761 ac

352 3796 518 3878 parvuliS,
541 3804 592 3871 ut,
610 3798 764 3879 expulsis
786 3796 956 3878 indigenis
981 3817 1003 3860 a
1025 3816 1134 3879 regno
1151 3805 1188 3861 et
1206 3798 1298 3880 peni·

351 3982 409 4017 rons
431 3970 590 4031 themselves,
614 3976 682 4019 went
703 3985 763 4019 over
784 3975 810 4019 to
821 3968 824 4002 ¹
836 3969 916 4029 caped
933 3969 995 4016 from
1013 3969 1056 4016 the
1073 3968 1171 4031 wreclr,
1187 3969 1233 4016 but
1249 3968 1299 4016 that

351 4038 393 4085 the
406 4039 489 4099 king's
501 4044 590 4101 party;
605 4041 772 4101 Coggeshale,
784 4055 811 4099 p.
837 4040 888 4086 ‘ab
900 4039 991 4099 Anglis
1008 4038 1140 4098 intercepti
1157 4038 1297 4086 luctuosum

352 4112 407 4155 109.
837 4109 968 4157 subierunt
978 4102 1154 4169 ergastulum}
1165 4123 1192 4168 p.
1205 4111 1260 4155 1⁰9.

387 4173 394 4203 ¹
411 4175 573 4239 Naufragium
588 4178 694 4241 perpessi
710 4178 811 4240 omnes]
871 4173 1064 4239 ’Gmmreee,]
1082 4190 1110 4223 or
1123 4177 1131 4202 ⁴
1144 4175 1298 4224 Yermouth.'

352 4243 510 4305 t'oggeshale
527 4251 605 4296 states
617 4248 671 4296 that
688 4262 755 4297 some
773 4261 812 4296 es·
870 4241 996 4313 maria]
1014 4246 1127 4307 wanting
1138 4245 1164 4293 iu
1177 4247 1208 4293 C.
