2970 5016
404 452 469 519 132
663 470 795 518 rocam
821 471 868 517 mr
891 469 1099 516 wruoovnr

244 642 298 681 an·
311 643 366 682 um
405 624 502 703 Asci,
521 627 742 691 Baldewinus
762 626 804 691 de
826 628 954 703 Leisni‚
971 625 1124 690 Thomas
1144 624 1187 689 de
1208 623 1358 706 Asgent,

407 725 547 789 Ferrius
568 726 611 790 de
634 726 791 803 Parisiis,
816 721 959 791 ¹Petrus
981 726 1024 789 de
1054 724 1214 799 Latonia,
1240 723 1357 787 Guido

405 824 448 887 de
473 824 620 901 Nevers,
644 826 890 890 Frumentinus
914 825 1176 906 Campanensis,
1195 822 1356 887 Theodo-

406 924 499 986 ricus
522 924 565 987 de
580 924 721 1000 Anceis,
738 924 903 987 Ansricus
920 924 962 987 de
987 923 1135 998 Baalim,
1158 922 1357 985 Eborardus

407 1021 451 1086 de
485 1022 650 1099 Muntini,
678 1023 755 1086 Odo
782 1023 826 1086 de
855 1023 1051 1098 Muntciun,
1082 1021 1286 1084 Fuucardus
1315 1020 1357 1083 de

409 1120 524 1203 Rupe,
542 1121 721 1186 Walterus
739 1122 865 1198 Rufus,
888 1121 1053 1184 Ernulsns
1075 1121 1118 1183 de
1143 1120 1252 1195 Leini,
1270 1118 1359 1183 Wil-

408 1218 531 1282 lelmus
550 1220 593 1283 de
617 1221 783 1298 Banceto,
804 1219 962 1284 Jokenus
982 1221 1025 1283 de
1048 1219 1144 1296 Brai,
1165 1219 1293 1282 Petrus
1316 1218 1359 1281 de

410 1318 522 1392 Pinci,
547 1319 765 1384 Denehertus
786 1320 829 1383 de
851 1319 957 1402 Augi,
979 1318 1184 1382 Puncardus
1208 1318 1250 1381 de
1273 1318 1359 1381 Cas-

410 1418 505 1494 tello,
524 1418 721 1483 Willelmus
747 1418 789 1482 do
813 1418 961 1495 Merion,
981 1417 1161 1482 Johannes
1181 1416 1223 1480 de
1243 1417 1356 1480 Gran-

410 1517 488 1598 giis,
517 1517 738 1582 Theobaldus
760 1518 803 1581 de
832 1518 961 1594 Brenn,
988 1516 1149 1598 Rogatus
1172 1517 1215 1579 de
1244 1517 1358 1579 Bean-

410 1624 519 1693 mont,
540 1615 718 1680 Gilhertus
735 1617 778 1681 de
799 1618 895 1692 Brai,
917 1616 1044 1680 Petrus
1064 1616 1108 1679 de
1128 1614 1275 1692 Maidul,
1298 1614 1358 1678 Jo-

410 1714 541 1779 hannes
558 1716 601 1779 de
619 1715 734 1791 Cerni,
751 1715 904 1780 Alardus
917 1717 960 1778 de
979 1713 1133 1791 Loviers,
1150 1713 1358 1796 Radulphus

410 1813 589 1890 Valencel,
612 1814 709 1878 Ferri
731 1814 775 1877 de
799 1815 942 1890 Brunai,
963 1813 1116 1877 Thomas
1140 1813 1184 1876 de
1206 1812 1357 1887 Castele,

412 1912 606 1977 Willelmus
629 1914 673 1977 de
697 1912 906 1988 Rochmont,
923 1911 1144 1975 'l'heobaldus
1167 1912 1210 1974 de
1232 1911 1356 1990 Misci3

409 2018 445 2073 et
468 2020 593 2092 praeter
614 2013 689 2096 jam
719 2013 830 2076 dictos
855 2013 945 2094 cepit
973 2030 1035 2074 rex
1059 2018 1269 2075 memoratus
1294 2009 1358 2072 mi-

409 2108 488 2171 lites
513 2119 663 2186 centum,
687 2130 862 2192 equosque
889 2112 980 2174 serro
1006 2117 1188 2191 coopertos
1215 2129 1357 2173 nurnero

408 2207 599 2286 dueent0s;
630 2210 832 2285 servientes,
858 2211 993 2292 equites
1017 2218 1053 2272 et
1078 2208 1211 2290 pedites
1237 2216 1274 2271 et
1296 2209 1358 2271 ba·

408 2305 561 2370 listarios
582 2316 635 2373 tot
654 2307 780 2371 ibidem
803 2310 867 2372 suh
887 2308 1048 2390 captione
1065 2307 1246 2383 conclusit,
1264 2308 1356 2389 quod

408 2424 571 2468 numerus
600 2426 717 2471 eorum
745 2408 855 2471 crevit
879 2408 915 2470 in
946 2407 1159 2470 immensum.
1213 2405 1282 2468 His
1308 2407 1359 2469 ita

408 2505 529 2584 gestis,
549 2506 852 2570 victoriosissimus
867 2526 930 2569 rex
947 2505 1142 2587 Anglorum
1159 2504 1358 2568 Richardus

408 2602 537 2668 direxit
548 2598 731 2687 ²epistolas
747 2607 791 2669 ad
807 2611 927 2669 omnes
945 2605 1075 2668 amicos
1091 2623 1173 2667 suos
1190 2602 1232 2667 de
1249 2624 1359 2685 regno

408 2699 561 2783 Angliae,
585 2705 861 2787 archiepiscopos
884 2703 1056 2778 videlicet,
1084 2703 1274 2785 episcopos,
1299 2704 1357 2765 ab·

407 2801 519 2877 bates,
546 2805 689 2868 comites
724 2812 759 2867 et
784 2804 944 2879 baroncS,
969 2802 1159 2882 implorans
1188 2802 1356 2865 attentius

407 2907 444 2962 et
468 2900 604 2978 devote,
636 2910 806 2983 quatenus
834 2920 1005 2965 unacum
1036 2901 1112 2982 ipso
1139 2900 1251 2963 Deum
1282 2900 1357 2981 glo-

407 2998 593 3075 rificarent,
618 3000 679 3081 qui
704 3000 809 3063 talem
837 3000 902 3063 sibi
931 2999 1101 3064 concessit
1126 3000 1171 3062 ab
1201 2999 1358 3064 hostibus

407 3104 583 3178 reportare
602 3098 823 3180 triumphum.

471 3265 520 3329 De
535 3267 650 3351 templa
664 3267 746 3331 inter
762 3269 961 3332 Francorum
977 3277 1006 3331 ot
1021 3268 1198 3353 Anphrum
1213 3290 1295 3355 repes

818 3368 952 3431 statutis.

241 3497 379 3587 {gg-'¹²¹¹
455 3483 607 3554 Videns³
622 3490 731 3572 igitur
752 3511 814 3554 rex
837 3491 1048 3554 Francorum
1066 3489 1249 3571 Philippus
1267 3488 1358 3551 vires

404 3590 496 3670 regis
524 3588 717 3672 Anglorum
745 3591 854 3653 indies
881 3608 1093 3666 excrescere,
1131 3586 1357 3671 propriasque

404 3688 569 3769 paulatim
604 3688 762 3765 delicere,
794 3690 1002 3753 necessitate
1034 3688 1233 3771 compulsus
1270 3706 1357 3749 nun·

403 3789 471 3851 tios
499 3787 649 3852 latenter
673 3788 714 3850 ad
746 3807 916 3850 summum
945 3788 1142 3868 pontificem
1168 3785 1357 3849 destinavit

440 3959 446 3989 ¹
460 3963 551 4011 Petras
567 3964 596 4011 de
609 3961 734 4025 Latonia]
752 3964 864 4012 ‘Petrus
892 3968 919 4011 to
936 3963 1033 4026 Philip,
1045 3963 1135 4026 bishop
1146 3962 1175 4012 oi
1189 3961 1316 4024 Dnrham,
1334 3963 1357 4011 is

402 4032 434 4080 de
447 4032 473 4081 la
483 4027 583 4091 Truie;'
602 4031 734 4081 Heroden.
894 4033 1158 4165 giqeqiqqnthvgqqqr,
1169 4046 1195 4093 p.
1207 4033 1348 4150 lffiveden

439 4161 613 4234 ’speram
636 4167 703 4216 ruat
725 4168 863 4218 adamam
894 4176 992 4233 paro.
1044 4138 1049 4151 '
1144 4115 1204 4163 pm
1349 4136 1358 4165 '
