2970 5016
333 456 399 521 146
591 468 723 515 aoounr
749 468 796 514 un
819 464 1026 513 nvnunovaa

176 660 300 704 auara.
336 629 456 705 belles,
478 636 583 708 atquc
603 625 694 688 inter
716 623 898 705 episcopos
918 620 1140 683 Turonenses
1163 624 1198 681 et
1216 616 1290 679 Do·

337 729 467 792 lensom
489 726 532 789 lis
554 724 720 789 continua
742 731 777 787 et
799 719 975 786 contentio
999 718 1210 802 perduravit,
1227 716 1290 778 do·

339 847 402 892 nec
424 845 515 889 anno
544 822 721 906 praesenti,
753 830 792 886 ut
826 820 1028 903 praedictum
1059 826 1125 895 est,
1149 835 1171 879 a
1199 834 1292 898 papa

339 917 498 1010 praefato'
523 921 775 986 sententialiter
791 918 973 983 diffinitum
990 926 1056 993 est,
1073 925 1113 980 ut
1131 924 1202 979 tam
1219 915 1291 978 Do-

340 1024 445 1090 lensis
470 1042 573 1106 quam
593 1022 710 1085 caeteri
734 1019 925 1084 Britanniae
945 1018 1097 1100 episcopi
1119 1015 1289 1096 archiepi-

340 1144 446 1206 scopo
456 1120 650 1186 Turonensi
665 1120 869 1204 subjaceant
883 1126 919 1181 et
932 1116 968 1180 iu
986 1123 1188 1200 perpetuum
1204 1134 1291 1196 prae-

341 1225 451 1306 ceptis
465 1222 541 1306 ejus
558 1218 733 1284 canonicis
749 1218 990 1301 acquiescant;
1011 1215 1102 1278 unde
1117 1234 1209 1297 papa
1224 1233 1292 1275 mc

343 1330 497 1387 moratus
523 1321 559 1382 in
583 1318 864 1401 pronuntiatione
885 1315 1066 1379 sententiae
1089 1312 1292 1386 diffinitivae,

344 1421 451 1505 utqui
470 1421 505 1483 in
520 1418 666 1481 scientia
681 1426 756 1481 erat
767 1435 926 1497 magnus,
938 1414 1055 1478 audax
1074 1412 1176 1476 simul
1186 1411 1295 1495 juris-

344 1522 488 1605 peritus,
502 1519 553 1582 ita
568 1536 713 1581 exorsus
730 1517 792 1591 ait,
807 1515 961 1580 ‘Doleat
979 1513 1141 1579 Dolensis
1158 1524 1194 1576 et
1210 1530 1292 1594 gau-

345 1622 426 1685 doat
443 1615 680 1682 Turonensis!

395 1791 436 1855 Ut
451 1789 581 1854 Alieaor
596 1787 703 1873 rapina
718 1787 812 1852 masa
819 1787 926 1871 faerit
933 1808 996 1872 pro
1005 1786 1131 1850 Blaaca
1140 1784 1253 1871 puella

619 1887 781 1951 lodowico
795 1886 988 1951 maritanda.

396 2007 501 2074 Anno
518 2010 642 2092 gratiae
667 2027 750 2073 mcc.
771 2003 852 2074 'rex
878 2009 1089 2073 Francorum
1112 2007 1296 2089 Philippus
1324 2054 1329 2064 .

347 2118 383 2173 et
406 2128 469 2171 rex
495 2106 690 2189 Anglorum
714 2108 907 2186 lohannes,
929 2117 1010 2191 post
1031 2107 1156 2172 festum
1183 2107 1297 2170 sancti

349 2207 479 2272 Hilarii
495 2208 584 2271 intor
596 2208 741 2271 Wailun
757 2216 793 2271 et
807 2208 987 2289 Butanant
1006 2206 1151 2271 castella
1166 2205 1210 2269 ad
1227 2206 1299 2269 col-

348 2308 502 2388 loquium
523 2315 771 2384 convenerunt,
794 2308 852 2370 uhi
872 2307 1035 2372 convenit
1050 2306 1141 2369 inter
1158 2305 1297 2369 eosdem

348 2425 448 2488 reges
484 2425 562 2470 cum
593 2406 737 2470 consilio
770 2407 963 2490 principum
986 2406 1164 2487 utriusque
1187 2404 1298 2486 regni,

348 2506 441 2590 quod
459 2505 620 2570 videlicet
636 2504 852 2582 Lodowicus,
870 2506 962 2569 filius
977 2505 1069 2587 regis
1086 2504 1297 2568 Francorum

349 2613 385 2670 et
409 2605 531 2682 haereS,
554 2604 694 2669 duceret
712 2624 856 2668 uxorem
874 2605 979 2668 tiliam
996 2603 1189 2679 Aldefonsi,
1204 2604 1298 2684 regis

349 2704 524 2781 Castellae,
548 2712 584 2769 et
608 2712 745 2786 neptem
772 2704 862 2786 rogis
880 2704 1063 2781 lobannis,
1084 2711 1121 2766 et
1142 2722 1206 2766 rex
1221 2700 1298 2765 An-

348 2804 484 2884 glorum
513 2824 576 2885 pro
602 2804 667 2867 hoc
690 2803 908 2867 matrimonio
934 2802 1169 2867 contrahendo
1198 2801 1299 2866 ‹laret

350 2903 536 2967 Lodowico
552 2921 630 2965 cum
648 2910 752 2985 nepte
769 2922 845 2979 sua,
863 2903 1002 2966 nomine
1013 2902 1158 2978 Blanca,
1171 2902 1206 2964 iu
1225 2921 1298 2965 ma-

349 3003 475 3081 ritagio
504 3001 680 3064 civitatem
699 3001 922 3066 Ebroicarum
940 3022 1018 3066 cum
1041 3009 1114 3065 toto
1130 3000 1298 3065 comitatu

349 3107 385 3162 ot
402 3082 543 3181 insupei
561 3099 706 3179 triginta
729 3101 835 3165 millia
855 3121 989 3165 marcas
1004 3101 1151 3183 argenti.
1191 3099 1300 3164 Potiit

349 3206 517 3278 praetcrea
540 3219 602 3261 rex
622 3198 834 3263 Francorum
856 3202 901 3263 ab
925 3200 1119 3279 Anglorum
1141 3219 1235 3281 rege,
1259 3209 1299 3263 ut

348 3296 478 3360 l'accret
492 3297 557 3360 sibi
575 3299 808 3376 securitatem,
825 3300 917 3382 quod
942 3300 1074 3363 nullum
1090 3298 1221 3362 Othoni
1240 3318 1299 3362 ne·

348 3395 421 3478 poti
443 3416 507 3460 suo
535 3396 664 3460 faceret
693 3399 863 3461 auxilium
892 3399 934 3463 de
965 3398 1160 3462 hominihus
1187 3418 1300 3481 neque

348 3496 391 3559 tle
422 3497 579 3577 pecunia,
610 3497 653 3559 ad
683 3496 862 3578 imperium
893 3498 1137 3576 obtinendum3
1168 3496 1297 3560 dictum

347 3603 402 3658 est
419 3596 523 3670 enim,
539 3595 631 3677 quod
654 3595 727 3658 dux
750 3596 889 3660 Suaviae
913 3595 1109 3678 Philippus,
1132 3616 1196 3678 per
1217 3615 1299 3660 con-

347 3694 536 3757 niventiam
564 3694 657 3776 regis
686 3694 895 3759 Francorum
923 3704 959 3759 et
981 3695 1149 3759 auxilium
1173 3695 1299 3778 praefa·

348 3801 434 3869 tum,
462 3792 635 3857 Othonem
661 3795 899 3874 persecutione
923 3795 1131 3876 gravissima
1155 3794 1299 3858 infesta-

348 3892 419 3968 bat,
443 3911 505 3954 noe
532 3899 674 3973 propter
694 3894 1060 3959 excommunicationis
1081 3894 1300 3970 sententiam,

347 4011 416 4072 qua
447 3991 559 4055 suerat
591 4011 612 4054 a
641 4011 734 4073 papa
760 3993 957 4070 innodatus,
988 3994 1031 4056 ab
1058 3993 1134 4076 ejus
1163 3994 1300 4076 impug-

685 4109 756 4116 —-
1067 4108 1206 4116 -—-—
1211 4111 1231 4117 .-
1236 4112 1240 4116 .

381 4163 530 4228 ¹Proesalo,]
547 4167 661 4228 wanting
672 4167 697 4214 in
711 4168 741 4216 C.
834 4163 948 4286 11²le
968 4167 1117 4285 Fruppprum
1137 4168 1301 4231 Philippu]

862 4252 892 4285 ov
926 4251 1004 4299 en,p.
1049 4241 1073 4285 l.
