2970 5016
410 461 549 509 anonas
573 461 840 510 nrsroamauu.
1055 448 1101 511 39

147 616 251 700 quod,
264 616 328 699 [si]
342 616 572 680 Eboracensis
585 616 717 680 electus
733 616 777 680 ad
792 617 942 699 aliquem
959 625 1097 699 portum
1112 635 1166 676 an.
1179 638 1234 676 11⁹1.

148 718 183 778 in
202 716 332 779 ballivo
354 723 416 778 tua
435 715 653 797 applicuerit,
671 723 733 778 aut
753 715 879 797 aliquis
899 717 1098 781 nuntiorum

147 815 235 897 ejus,
258 834 337 878 eum
365 814 506 877 retineri
532 813 640 877 facias
663 814 772 878 donec
795 814 997 877 mandatum
1019 836 1099 879 nos-

147 921 237 976 trum
264 913 345 976 inde
371 912 590 994 receperitis;
620 920 656 975 et
680 913 838 976 similiter
866 914 1098 995 praecipimus,

147 1010 238 1094 quod
272 1030 391 1075 omnes
422 1010 542 1075 literas
572 1011 701 1074 domini
724 1030 838 1095 papae,
862 1021 924 1076 aut
948 1012 1103 1096 alicujus¹

147 1111 265 1192 magni
293 1111 369 1186 viri,
399 1110 459 1192 qui
487 1110 570 1174 illuc
596 1110 766 1187 venerint,
795 1109 903 1174 facias
934 1111 1097 1176 retineri.'

148 1208 338 1273 Matthaeus
351 1228 446 1285 vero,
457 1227 537 1272 cum
554 1208 803 1291 archiepiscopi
816 1209 1002 1274 adventum
1016 1230 1096 1293 cog-

146 1308 312 1384 novisset,
328 1326 398 1370 non
418 1307 572 1387 segniter
590 1306 656 1370 sibi
676 1307 834 1389 injuncta
854 1327 931 1371 cnm
951 1309 1096 1372 consilio

148 1406 276 1469 sororis
291 1405 440 1468 Eliensis
453 1405 618 1487 episcopi,
632 1425 712 1487 quae
726 1413 810 1469 tunc
823 1406 1003 1469 castellum
1019 1426 1097 1469 cus-

147 1503 312 1581 todiebat,
330 1522 513 1586 peragens,
532 1522 595 1585 per
616 1522 680 1567 sex
699 1502 773 1566 dies
791 1523 869 1566 cum
884 1513 1095 1568 armatorum

146 1602 366 1666 multitudine
382 1602 464 1666 iecit
476 1601 587 1684 [eum]
600 1602 637 1665 in
651 1602 807 1683 prioratu
822 1602 934 1665 sancti
949 1602 1096 1666 Martini

147 1703 307 1784 nequiter
329 1701 491 1778 obsideri,
513 1720 616 1783 quem
637 1702 742 1764 etiam
764 1701 800 1764 in
820 1708 957 1764 tantum
980 1720 1095 1765 coarc-

148 1800 249 1877 tavit,
267 1800 385 1864 utrix
407 1801 440 1862 ei
458 1799 571 1862 medio
592 1807 746 1882 tempore
764 1800 930 1864 victualia
953 1808 1097 1882 possent

147 1899 362 1962 emendicata
381 1898 529 1962 conferri
545 1918 554 1976 ;
578 1918 658 1962 nam
680 1898 889 1981 perfidorum
910 1899 1044 1962 malitia
1059 1900 1097 1963 in

84 2077 87 2080 ῃ
146 1998 298 2062 deterius
315 2005 514 2081 proruente,
535 1997 662 2061 milites
683 1996 831 2060 Eliensis
849 1998 1002 2080 episcopi
1017 2017 1097 2063 cum

146 2104 357 2161 armatorum
390 2095 611 2160 multitudine
639 2102 809 2160 venerunt
841 2096 884 2160 ad
916 2096 1095 2161 ecclesiam

147 2195 327 2277 praefatam
362 2214 440 2259 cnm
468 2194 629 2270 fustibus,
657 2201 693 2258 et
724 2195 829 2258 armis
858 2195 1027 2259 irruentes
1058 2196 1095 2259 in

146 2294 441 2376 archiepiscopum
463 2293 607 2356 firmiter
626 2292 839 2369 indixerunt,
858 2302 898 2357 nt
919 2294 962 2357 de
986 2314 1094 2375 regno

145 2393 220 2457 sine
235 2411 333 2456 mora
344 2392 380 2455 in
392 2392 593 2455 Flandriam
609 2392 837 2473 navigaturus
849 2392 982 2471 exiret3
1000 2393 1094 2474 quod

146 2492 259 2556 facere
284 2510 450 2555 recusans
478 2490 771 2574 archiepiscopus,
793 2491 918 2555 stolam
942 2492 978 2554 in
1004 2492 1094 2555 collo

147 2609 282 2672 gerens,
304 2590 340 2655 in
365 2590 524 2654 manibus
550 2609 686 2654 crucem
711 2590 881 2674 bajulans,
904 2590 949 2651 ab
973 2590 1094 2653 altaris

147 2709 253 2753 cornn
275 2709 337 2772 per
357 2689 473 2771 pedes,
496 2708 558 2770 per
581 2707 694 2764 crura,
713 2708 775 2770 per
796 2686 950 2764 brachia,
973 2687 1094 2751 colliso

146 2788 260 2871 capite
286 2789 322 2851 in
347 2788 602 2871 pavimentum,
626 2787 797 2850 violenter
824 2785 1032 2860 extrahitur,
1059 2793 1095 2848 et

146 2888 314 2969 perviam
333 2888 495 2964 lutosam,
513 2906 575 2968 per
593 2886 671 2949 loca
688 2884 877 2961 immunda,
896 2903 974 2946 cnm
996 2884 1095 2947 cleri-

147 2987 197 3049 cis
219 2987 291 3049 suis
311 2993 346 3049 et
365 2985 449 3049 viris
472 2984 656 3067 religiosis,
677 2984 737 3066 qui
760 2983 803 3046 de
827 2983 984 3065 partibus
1005 2983 1094 3047 mul-

146 3086 192 3149 tis
218 3085 263 3148 ad
286 3085 400 3166 ipsum
422 3083 607 3147 videndum
636 3089 881 3160 convenerant,
907 3070 1099 3164 perductus¹

147 3192 200 3247 est
221 3185 257 3246 in
275 3183 454 3247 castellum
477 3189 513 3246 et
534 3182 696 3245 detrusus
718 3181 755 3245 in
772 3201 956 3258 carcerem,
974 3190 1009 3245 et
1033 3201 1095 3263 per

145 3290 225 3346 octo
242 3281 316 3345 dies
333 3281 398 3345 sub
425 3287 524 3345 arcta
547 3280 706 3344 custodia
729 3282 944 3345 servabatur.
990 3279 1094 3357 Quod

147 3380 291 3443 audiens
307 3381 491 3462 episcopus
509 3378 759 3443 Londoniensis
775 3399 852 3442 cum
874 3377 1095 3442 festinatione

145 3479 242 3544 venit
257 3478 302 3541 ad
318 3478 573 3554 cancellarium,
590 3496 612 3540 a
629 3496 697 3559 quo
715 3485 795 3558 post
811 3476 940 3540 multas
963 3474 1094 3556 suppli-

146 3578 300 3641 cationes
312 3577 373 3641 vix
391 3575 530 3640 tandem
547 3575 698 3639 obtinuit
711 3575 949 3639 liberationem
964 3572 1096 3636 archie-

146 3676 293 3760 piscopi,
312 3675 514 3757 episcopatu
538 3693 602 3738 suo
625 3681 698 3737 toto
720 3674 820 3755 quasi
843 3675 988 3755 pignore
1009 3670 1096 3735 obli-

146 3784 241 3856 gato.
289 3773 472 3837 carcerem
486 3775 604 3854 itaque
619 3772 799 3855 egrediens
815 3771 1095 3852 archiepiscopus

147 3872 346 3938 Londonias
377 3872 484 3948 venit,
514 3871 573 3934 ubi
602 3871 646 3934 ab
675 3871 837 3952 episcopo
863 3867 1098 3935 Londoniensi

147 3981 182 4036 et
203 3972 295 4035 clero
317 3979 353 4034 et
376 3970 505 4053 populo
526 3968 712 4033 honorifice
735 3976 916 4048 susceptus
941 3973 994 4029 est
1016 3985 1095 4028 cum

146 4070 366 4154 processione
397 4068 553 4134 solemni.
621 4066 710 4131 Haec
735 4066 889 4149 profecto
914 4064 1099 4129 temeraria

148 4169 371 4251 praesumptio
402 4167 623 4251 postmodum
647 4167 683 4229 in
709 4164 904 4229 cancellarii
930 4163 1095 4247 dejectio·
