2970 5016
343 457 410 522 226
599 470 733 521 aoonar
759 472 805 519 on
828 468 1035 519 wannovna

183 641 306 682 ΔΝΜ·
346 632 552 714 Anglorum,
573 651 594 694 a
617 652 686 714 qno
709 622 795 694 lnon
818 629 954 694 modica
973 630 1120 714 pecnnia
1142 630 1186 693 ad
1209 620 1297 711 opus

344 732 481 815 praelati
506 731 655 795 Othonis
685 738 837 813 recepta,
869 731 1059 813 repatriare
1093 731 1294 794 maturavit.

346 832 477 895 Eodem
496 850 600 907 anno,
619 838 827 912 procurante
847 830 1038 912 Stephano,
1055 827 1298 894 Cantnariensi

346 931 618 1013 archiepiscopo,
640 929 810 992 indultum
842 936 895 993 est
924 929 1090 1005 ecclesiis,
1107 937 1298 992 conventu-

345 1030 457 1093 alibus
482 1031 517 1092 in
544 1028 672 1109 Anglia
699 1026 805 1091 semel
828 1026 864 1089 in
885 1026 1099 1092 hebdomada
1124 1027 1297 1091 celebrare

346 1128 491 1207 divina3
529 1128 598 1192 albi
631 1135 748 1190 antem
782 1127 941 1190 monachi
970 1127 1035 1191 bac
1070 1127 1298 1210 privabantur

344 1228 574 1309 indulgentia,
599 1226 755 1310 eoquod
780 1227 815 1288 in
839 1225 1007 1308 principio
1028 1226 1203 1290 interdicti
1225 1244 1297 1288 ces-

346 1336 476 1404 santes,
517 1326 736 1408 postmodum
775 1325 819 1389 ad
848 1326 1040 1408 jussionem
1075 1327 1129 1389 sui
1161 1325 1297 1388 abbatis

345 1426 558 1510 principalis,
576 1443 669 1508 papa
685 1425 895 1501 inconsulto,
913 1425 1086 1488 celebrare
1108 1442 1298 1507 praesump-

344 1533 476 1590 serunt.
522 1525 591 1588 Per
607 1523 696 1587 idem
714 1531 850 1606 tempus
869 1524 1086 1600 Lodowicns,
1105 1524 1196 1587 filius
1212 1522 1295 1586 Pbi-

345 1623 442 1706 lippi,
474 1613 686 1687 Francorum
717 1625 821 1705 regis,
854 1623 1105 1705 primogenitus
1129 1631 1165 1688 et
1187 1622 1296 1686 baeres

344 1722 532 1804 legitimus,
547 1722 639 1805 apud
657 1719 906 1804 Compendium
922 1730 1059 1805 epatre
1078 1742 1143 1787 suo
1158 1721 1297 1803 cingulo

343 1823 484 1887 militari
506 1823 655 1886 donatus
678 1828 743 1898 est,
766 1828 801 1885 et
820 1828 957 1885 centnm
980 1821 1040 1886 alii
1062 1822 1195 1887 nobiles
1218 1840 1295 1884 cum

345 1941 397 1985 eo.

360 2093 403 2157 Ut
417 2115 470 2157 rea
486 2093 662 2178 daphrwm
676 2116 746 2156 cum
762 2115 829 2178 repe
844 2093 1122 2176 Scotorarnfoedua
1135 2095 1283 2158 amicitia

760 2193 880 2256 inierit.

183 2322 321 2414 ἕψω
412 2312 513 2378 Circa
543 2314 616 2377 dies
653 2317 740 2381 istos
771 2315 794 2379 J
798 2316 964 2393 ohannes,
993 2335 1056 2380 rex
1089 2315 1298 2397 Anglorum,

345 2431 472 2495 magno
488 2414 644 2478 exercitu
663 2424 887 2497 congregato,
904 2434 1026 2480 versus
1043 2415 1196 2479 Scotiam
1215 2435 1299 2479 vex·

345 2512 407 2576 illa
425 2513 554 2578 direxit
570 2520 606 2577 et
623 2532 732 2578 arma.
784 2514 939 2579 Veniens
961 2521 1075 2578 autem
1098 2514 1134 2577 in
1158 2515 1299 2598 provin·

346 2612 435 2676 ciam
475 2612 873 2690 Northanbumbrorum,
907 2615 951 2678 ad
985 2614 1166 2677 castellnm
1205 2613 1296 2696 quod

347 2709 504 2775 Norbam
527 2713 734 2794 appellatur,
759 2713 850 2776 acies
878 2713 1003 2777 ibidem
1032 2722 1154 2777 contra
1181 2733 1297 2794 regem

346 2809 526 2875 Scotorum
550 2813 717 2875 instruxit
739 2812 784 2875 ad
807 2832 979 2894 pugnam3
1008 2812 1100 2894 quod
1124 2831 1202 2876 cum
1226 2813 1298 2894 regi

346 2909 492 2990 praefato
512 2912 709 2974 nuntiatum
728 2911 861 2988 fuisset,
878 2912 992 2975 timuit
1009 2912 1110 2975 valde
1130 2912 1295 2995 impetum

345 3009 467 3090 ipsius,
503 3009 666 3090 quoniam
700 3030 846 3093 pronum
877 3011 920 3073 ad
954 3030 1090 3074 omnem
1125 3013 1296 3076 saevitiam

346 3108 522 3187 cognovit,
551 3109 761 3193 veniensque
792 3111 824 3173 ei
852 3111 989 3174 obviam
1020 3111 1063 3173 de
1090 3130 1177 3192 pace
1207 3120 1297 3174 trac-

345 3212 421 3268 tare
451 3207 643 3288 disposuit;
673 3209 734 3272 sed
765 3230 828 3273 rex
857 3208 1051 3290 Anglorum
1082 3210 1117 3272 in
1146 3210 1296 3274 furorem

345 3323 466 3368 versus
486 3307 733 3389 improperavit
752 3307 801 3371 illi
823 3309 948 3372 acriter
965 3308 1188 3391 increpando,
1205 3310 1295 3392 quod

345 3403 510 3485 fugitivos
540 3426 622 3469 suos
645 3415 680 3470 et
706 3407 822 3470 hostes
850 3408 1006 3488 publicos
1031 3408 1068 3470 in
1095 3428 1202 3489 regno
1235 3429 1297 3473 suo

344 3512 597 3586 receptaverat,
622 3507 741 3588 eisque
768 3507 805 3568 in
826 3507 880 3568 sui
908 3506 1146 3589 praejudicium
1172 3508 1299 3572 auxili-

344 3622 401 3664 um
430 3606 644 3685 praestiterat
670 3612 705 3669 et
727 3604 893 3668 savorem.
960 3605 1027 3669 Sed
1055 3626 1132 3670 cum
1166 3608 1241 3671 haec
1263 3616 1297 3671 et

345 3702 414 3765 alia
444 3702 554 3766 multa
582 3723 646 3766 rex
672 3703 867 3785 Anglorum
899 3704 1045 3786 praefato
1075 3705 1149 3788 regi
1186 3707 1296 3789 impo-

343 3798 484 3876 suisset,
515 3802 667 3879 tandem,
695 3804 960 3884 procurantibus
992 3805 1171 3887 utriusque
1199 3807 1297 3888 regni

345 3899 478 3977 amicis,
511 3901 615 3964 talem
644 3901 863 3966 concordiam
894 3901 1057 3981 inierunt,
1083 3905 1174 3987 qnod
1204 3906 1298 3970 vide-

344 3998 425 4064 licet
458 4020 520 4062 rex
555 4000 736 4064 Scotorum
768 4002 867 4065 daret
897 4003 970 4082 regi
1003 4001 1198 4085 Anglorum
1236 4025 1297 4087 pro

379 4175 385 4204 ¹
397 4174 452 4223 Noa
463 4174 682 4239 rnodicapecuaiu]
704 4177 727 4224 Α
735 4176 805 4224 thou·
836 4178 905 4225 duke
915 4177 945 4227 os
959 4179 1071 4240 Saxony,
1082 4180 1134 4228 ‘de
1149 4180 1216 4230 dono
1229 4183 1296 4231 etde

344 4242 408 4292 raud
420 4244 505 4292 marks
517 4259 584 4294 were
596 4246 657 4306 pald
669 4251 695 4293 to
708 4245 808 4307 Henry,
836 4245 909 4296 feodo
925 4242 1000 4306 suo;’
1019 4249 1121 4311 llymer,
1132 4251 1149 4299 i.
1166 4266 1192 4311 p.
1206 4255 1262 4300 1⁰8.
