2970 5016
449 492 587 542 rcoaus
610 494 882 543 nisroiunauu.
1076 476 1142 540 101

193 645 311 710 divino
335 647 534 730 proficerem
552 649 633 712 dum
655 650 689 711 in
713 649 778 714 hac
796 650 870 714 vita
892 649 1035 733 ancipiti
1057 649 1274 761 flu⁰·23{‘,·„l,¹⁹⁰·

192 752 338 809 tnarem.
401 746 584 810 Continuis
609 749 728 830 itaque
753 749 843 813 votis
871 751 956 812 meis
979 748 1141 812 satisfieri
1150 762 1304 852 ‹quffikot

190 843 342 924 cupiens,
362 864 452 908 nunc
471 846 658 910 Dominum
676 846 793 910 mundi
810 847 1032 925 salvatorem,
1049 867 1141 912 nunc
1261 836 1266 848 ’

191 950 336 1005 matrem
352 943 428 1027 ejus
444 944 611 1025 virginem
625 945 823 1025 gloriosam,
839 966 930 1009 nunc
946 946 1048 1009 simul
1064 944 1140 1009 om·

192 1060 253 1104 nes
276 1041 406 1105 electos
429 1042 497 1106 Dei
518 1043 735 1121 invocabam,
760 1044 840 1108 licet
862 1045 1057 1127 specialiter
1078 1064 1140 1127 per

192 1139 472 1204 intercessionem
495 1141 639 1224 piissimi
655 1142 835 1226 sanctique
852 1143 1058 1207 confessoris
1075 1142 1143 1206 Ni·

191 1239 280 1302 colai
296 1258 470 1321 sperarem
488 1242 652 1322 consequi
674 1242 741 1322 piae
764 1241 940 1323 petitionis
957 1242 1138 1321 effectum

193 1345 227 1400 et
243 1356 322 1401 ecce
340 1346 441 1402 nocte
456 1339 617 1421 quadam,
634 1339 833 1404 imminente
855 1339 1139 1422 Quadragesimae

190 1436 301 1513 initio,
331 1456 435 1518 quam
460 1438 617 1520 proxime
642 1439 884 1520 transegimus,
909 1439 992 1502 mihi
1014 1439 1140 1521 paulu·

191 1533 261 1597 lum
277 1535 460 1600 dormienti
471 1538 606 1601 adstitit
616 1537 775 1619 quaedam
788 1537 976 1602 reverenda
992 1556 1140 1620 persona

194 1641 228 1697 et
252 1636 391 1699 omniuo
414 1636 551 1711 decora,
568 1656 646 1719 quae
669 1655 723 1699 me
739 1637 853 1700 verbis
875 1637 1082 1700 dulcissimis
1103 1636 1139 1699 in

193 1731 281 1796 hunc
306 1735 444 1798 modum
468 1734 680 1816 aggreditur,
699 1734 753 1797 Ὀ
777 1735 851 1810 fili,'
872 1734 1042 1817 inquiens,
1059 1740 1140 1798 ‘ca-

192 1830 337 1909 rissime,
361 1833 472 1897 multa
494 1833 558 1897 tibi
577 1840 631 1896 est
653 1833 815 1916 precandi
837 1833 977 1897 devotio
995 1853 1140 1915 magna·

192 1950 259 2013 qne
285 1932 487 1996 intentionis
517 1939 587 1995 tuae
621 1933 889 2013 perseverantia,
920 1952 982 1997 nec
1014 1933 1141 2015 poterit

193 2027 284 2113 apud
305 2031 522 2096 clementiam
540 2030 783 2114 Redemptoris
798 2030 957 2095 inefficax
972 2051 1048 2095 esse
1068 2037 1141 2094 tam

191 2130 376 2194 continuus
408 2130 574 2194 orationis
605 2137 675 2193 tuoe
709 2138 879 2210 conatus3
915 2138 1141 2195 veruntamen

192 2227 316 2292 amodo
339 2230 454 2293 animo
483 2229 643 2312 quietiori
669 2237 744 2293 esto
766 2236 801 2293 et
822 2231 970 2293 orationi
993 2231 1140 2294 devotus

192 2327 325 2405 insiste,
348 2328 431 2410 quia
448 2327 567 2409 procul
588 2326 692 2390 dubio
712 2329 779 2411 piae
799 2329 974 2411 petitionis
996 2329 1141 2392 celerem

192 2428 411 2509 consequeris
429 2424 609 2489 effectum!
655 2426 712 2503 Et,
727 2426 780 2489 his
798 2427 911 2505 dictis,
934 2427 1140 2510 alloquentis

192 2524 307 2608 imago
324 2546 401 2591 cum
418 2527 495 2608 ipso
512 2532 566 2590 est
580 2525 699 2589 ablata
715 2527 862 2608 sopora'

258 2697 299 2762 Ul
314 2699 394 2763 idom
408 2700 572 2764 monaedes
586 2720 706 2764 cracem
721 2698 851 2761 Domini
865 2697 1000 2761 adoreas
1014 2717 1081 2758 eam

429 2798 693 2884 scapeiaoloetam
707 2797 901 2880 ooespwmt.

243 2922 445 3004 ‘Evigilans
460 2929 576 2985 antem
591 2922 757 2984 visionem
774 2919 845 2984 fixo
860 2918 998 2983 servavi
1014 2919 1141 2995 animo,

196 3021 408 3103 decursoque
425 3020 500 3103 jam
518 3039 582 3084 sex
601 3019 891 3084 hebdomadarum
915 3017 1040 3100 spatio,
1063 3037 1141 3081 cum

192 3121 227 3183 in
245 3128 345 3185 nocte
362 3119 579 3183 Dominicam
607 3137 741 3182 coenam
764 3118 979 3200 praecedente
1001 3118 1044 3180 ad
1068 3137 1142 3180 ma·

198 3219 326 3284 tntinas
350 3218 576 3282 surrexissem
601 3225 636 3281 et
656 3237 678 3281 a
698 3217 795 3281 vobis
813 3216 1024 3300 disciplinas,
1051 3217 1143 3280 sicut

198 3319 413 3394 meministis,
430 3318 651 3400 accepissem,
674 3322 806 3379 tantam
824 3316 913 3378 inter
926 3314 1000 3378 haec
1017 3316 1142 3378 mentis

194 3418 408 3481 dulcedinem
426 3416 509 3479 mihi
524 3417 616 3479 sensi
633 3414 794 3490 infusam,
806 3414 897 3496 quod
916 3413 971 3476 die
986 3414 1143 3494 sequenti

196 3515 276 3579 flere
300 3517 433 3599 jugiter
460 3514 695 3578 dulcissimum
720 3513 836 3588 habui,
859 3513 947 3575 sicut
976 3530 1039 3575 vos
1066 3532 1142 3594 pre

194 3616 277 3696 priis
294 3615 404 3679 oculis
419 3613 663 3696 conspexistis,
704 3611 838 3675 Deinde
855 3617 955 3674 nocte
971 3611 1143 3691 proxima,

194 3714 227 3777 id
252 3721 304 3777 est
328 3711 535 3789 Parasceue,
557 3714 710 3776 instante
727 3711 802 3794 jam
826 3710 912 3774 hora
927 3726 996 3791 qna
1013 3707 1056 3769 ad
1074 3726 1143 3770 ma-

196 3813 327 3876 tutinas
341 3811 551 3893 surgendum
569 3818 655 3887 erat,
666 3808 838 3893 placidum
854 3808 904 3870 sui
921 3807 1094 3870 resolutus
1108 3805 1144 3869 iu

194 3931 375 3990 somnum3
400 3918 482 3974 tunc
498 3929 618 3973 vocem
638 3908 739 3984 hanc,
762 3908 878 3971 neseio
903 3907 1002 3990 cujus
1027 3902 1145 3966 minis-

197 4012 283 4074 terio
300 4009 463 4086 delatam,
479 4008 609 4085 audivi,
631 4013 641 4041 ⁴
654 4005 788 4087 Surge,’
803 4004 925 4087 inquit,
939 4010 948 4038 ‘
961 4012 996 4068 et
1011 4004 1143 4084 ingres-

195 4128 255 4172 sus
271 4110 459 4173 oratorium
476 4107 601 4172 accede
615 4108 659 4170 ad
683 4107 805 4181 altare,
828 4102 919 4185 quod
942 4102 977 4165 in
1003 4121 1145 4165 venera-

196 4208 326 4272 tionem
349 4208 461 4272 sancti
485 4207 664 4272 Laurentii
687 4209 924 4270 consecratum
946 4209 1012 4280 est,
1035 4207 1070 4266 ct
1094 4221 1147 4264 re-
