2970 5016
464 469 603 518 enonas
626 471 897 521 ursronrnnou.
1085 455 1149 520 103

201 694 244 759 Ui
259 694 340 759 idam
355 697 517 762 rrwoacllus
537 697 574 761 de
590 720 714 783 corpora
736 699 862 764 aductus
873 698 1017 783 primum
1034 697 1131 762 barra

487 797 642 881 mam
657 797 832 862 intraverit.

246 915 379 980 ‘Cruce
391 917 577 984 Dominicu
589 920 625 983 in
643 921 733 985 hunc
747 921 885 986 modurn
894 920 1052 997 adorata,
1062 941 1144 985 mox
1157 937 1211 977 en.
1225 941 1280 978 rra.

195 1021 287 1079 retro
303 1035 357 1078 me
378 1017 529 1081 sonitum
544 1019 661 1082 audivi
677 1039 699 1083 a
716 1040 797 1084 sena
815 1018 1023 1096 venerando,
1040 1038 1144 1101 aquo
1156 988 1276 1125 {lilla
1286 1039 1310 1078 u

195 1122 295 1178 nocte
308 1115 525 1196 praecedente
542 1118 741 1199 disciplinas
755 1119 884 1200 accepi.
929 1118 1029 1182 Tunc
1043 1118 1144 1181 relic·
1176 1087 1271 1127 '‘m'‘

196 1213 241 1275 tis
256 1213 362 1296 juxta
384 1215 495 1279 altare
513 1215 757 1280 calceamentis
780 1226 815 1281 et
838 1216 972 1293 baculo,
996 1237 1065 1299 quo
1088 1237 1144 1280 or-

194 1310 273 1375 dine
300 1313 427 1390 nescio,
453 1315 489 1376 in
513 1315 703 1397 capitulum
727 1315 862 1392 deveni,
885 1323 921 1379 et
940 1325 1020 1398 post
1039 1315 1144 1378 disci·

194 1410 307 1493 plinus
323 1430 385 1475 sex
401 1413 545 1490 vicibus,
559 1422 599 1477 ut
619 1415 714 1495 prius
736 1413 896 1490 feceram,
919 1414 1062 1478 iteratas
1080 1415 1143 1477 ab·

193 1511 399 1574 solutionem
413 1513 564 1595 percepi.
618 1513 701 1594 Ipso
716 1514 833 1594 itaque
853 1513 888 1576 in
912 1511 992 1576 sede
1007 1513 1143 1578 abbatis

193 1608 304 1672 denuo
330 1609 515 1687 residente,
538 1612 712 1693 prostravi
736 1632 790 1675 mo
813 1632 928 1676 coram
949 1631 1002 1688 eo,
1025 1619 1060 1675 et
1084 1630 1142 1674 ac-

194 1708 318 1771 cedens
349 1709 393 1772 ad
425 1729 479 1773 me
511 1710 575 1775 hoc
601 1710 712 1774 solum
740 1710 841 1788 dixit,
864 1711 1040 1791 ‘Sequere
1066 1711 1143 1773 me.'

193 1806 349 1890 Cumque
367 1828 420 1871 me
436 1810 605 1873 erexisset
618 1819 657 1874 ut
678 1817 819 1887 starem,
843 1810 981 1876 tenebat
1003 1828 1143 1873 manum

193 1926 303 1970 meam
338 1905 497 1971 dextram
527 1916 598 1972 tam
628 1909 771 1973 firmiter
793 1929 897 1991 quam
921 1909 1056 1985 leniter,
1078 1907 1142 1972 ha·

194 2005 396 2088 buimusque
418 2006 551 2089 jugiter
582 2027 705 2071 manus
731 2016 909 2073 consertus
938 2009 1032 2072 omni
1057 2014 1144 2071 tem-

194 2124 288 2186 pore,
305 2124 375 2187 quo
391 2107 551 2170 sensibus
568 2109 722 2190 corporis
739 2114 775 2171 at
797 2115 911 2171 mente
934 2107 1058 2170 absens
1079 2106 1141 2170 fui.

193 2203 442 2268 Incedebamus
467 2205 574 2287 igitur
592 2207 758 2288 perviam
781 2205 933 2287 planem,
955 2212 1050 2270 recto
1073 2205 1143 2268 ori·

192 2303 281 2366 entis
298 2304 448 2380 tramite,
470 2323 649 2386 quousque
672 2305 889 2387 pervenimus
909 2305 945 2367 in
968 2305 1141 2385 regionam

194 2402 367 2482 quendam
388 2404 489 2466 nimis
516 2405 718 2485 spatiosam,
738 2405 816 2467 visu
838 2403 1057 2478 horrendam,
1080 2423 1142 2484 pa·

192 2499 292 2564 lustri
314 2501 385 2564 situ
408 2510 443 2566 et
466 2502 539 2566 luto
563 2503 598 2565 in
621 2502 781 2566 duritiem
812 2503 1000 2585 inspissato
1030 2500 1143 2565 defor-

192 2618 289 2663 mem.
343 2599 429 2663 Erat
453 2601 501 2663 ibi
524 2601 699 2665 hominum
726 2602 800 2665 sive
826 2601 1017 2665 animarum
1043 2606 1143 2663 tanta

192 2697 388 2775 multitudo,
420 2708 585 2780 quantam
618 2720 718 2764 nemo
748 2698 919 2762 sufficeret
958 2698 1143 2774 aestimare,

192 2797 298 2860 variis
321 2806 356 2861 et
378 2799 665 2862 inenarrabilibus
687 2799 847 2880 exposita
869 2796 1143 2861 immanitatibus

194 2902 465 2976 tormentorum;
507 2898 555 2961 ibi
598 2906 673 2962 erat
707 2897 885 2976 utriusque
915 2914 1034 2972 sexus,
1068 2895 1144 2958 uni-

194 3014 303 3058 versae
332 2996 550 3076 conditionis,
576 2997 799 3079 professionis
823 3004 858 3060 at
884 2994 1013 3060 ordinis
1042 2994 1144 3058 turbe

195 3092 464 3172 innumerabilis,
501 3098 721 3178 omniumque
758 3102 978 3177 peccatorum
1014 3093 1144 3158 admis-

195 3212 289 3257 sores
320 3194 465 3258 diversis
500 3196 630 3259 addicti
664 3195 842 3277 suppliciis
879 3214 943 3275 pro
973 3194 1143 3257 varietate

195 3293 444 3372 professionum
474 3301 509 3357 et
532 3295 716 3376 generibus
744 3293 959 3358 delictorum.
995 3291 1084 3369 ¹Vidi
1108 3298 1144 3355 et

194 3389 311 3454 audivi
334 3411 396 3473 per
417 3392 490 3456 lata
517 3394 609 3457 illius
626 3393 738 3474 campi
763 3393 889 3474 spatia,
910 3391 1009 3473 cujus
1032 3397 1144 3453 metes

195 3490 291 3553 nulla
313 3490 592 3574 circumspiceret
612 3493 704 3556 acies
731 3492 920 3565 oculorum,
942 3489 1144 3550 miserorum

194 3588 317 3652 choros
334 3591 574 3655 miserabiliter
594 3592 695 3655 nimis
716 3590 892 3655 turmatim
911 3588 1087 3662 collectos,
1109 3594 1146 3650 et

193 3689 364 3768 gregatim
386 3691 757 3778 eriminumparilitate
773 3697 808 3753 et
822 3687 1074 3771 professionum
1097 3684 1145 3747 si·

194 3787 387 3852 militudina
412 3789 630 3865 constrictos,
653 3790 782 3871 pariter
797 3795 832 3851 et
848 3794 997 3852 aestuare
1017 3792 1052 3847 et
1073 3783 1144 3846 dis·

193 3886 351 3949 similiter
371 3889 436 3950 sub
459 3907 641 3969 poenarum
664 3887 811 3952 cumulis
833 3885 974 3968 ejulare.
1028 3881 1144 3960 Quos·

191 4004 339 4066 eumque
356 3986 427 4049 vidi
445 4007 508 4069 pro
525 3988 798 4068 quibuscumque
821 3985 972 4066 peccatis
987 3980 1145 4057 afflictos,

194 4082 324 4165 liquido
351 4084 572 4149 advertebam
597 4094 633 4150 et
659 4085 792 4166 peccati
824 4101 941 4146 eorum
974 4099 1084 4161 genus
1111 4087 1146 4143 et

193 4181 333 4245 modum
354 4193 390 4248 et
413 4185 663 4250 satisfactionis
684 4183 900 4266 qualitatem,
924 4199 1005 4267 qua,
1029 4179 1083 4244 vel
1103 4180 1146 4243 dc
