<?xml version="1.0" encoding="UTF-8"?>
<!DOCTYPE html PUBLIC "-//W3C//DTD XHTML 1.0 Transitional//EN"
    "http://www.w3.org/TR/xhtml1/DTD/xhtml1-transitional.dtd">
<html xmlns="http://www.w3.org/1999/xhtml" xml:lang="en" lang="en">
 <head>
  <title>
</title>
<meta http-equiv="Content-Type" content="text/html;charset=utf-8" />
  <meta name='ocr-system' content='tesseract 3.04.00' />
  <meta name='ocr-capabilities' content='ocr_page ocr_carea ocr_par ocr_line ocrx_word'/>
</head>
<body>
  <div class='ocr_page' id='page_1' title='image "./rogeridewendove08rogegoog_0013.png"; bbox 0 0 2970 5016; ppageno 0'>
   <div class='ocr_carea' id='block_1_1' title="bbox 385 455 1080 517">
    <p class='ocr_par' dir='ltr' id='par_1_1' title="bbox 385 455 1080 517">
     <span class='ocr_line' id='line_1_1' title="bbox 385 455 1080 517; baseline -0.001 -1"><span class='ocrx_word' id='word_1_1' title='bbox 385 455 407 516; x_wconf 85' lang='grc'><strong>4</strong></span> <span class='ocrx_word' id='word_1_2' title='bbox 647 469 779 517; x_wconf 87' lang='lat' dir='ltr'><strong>aoonnr</strong></span> <span class='ocrx_word' id='word_1_3' title='bbox 806 470 851 515; x_wconf 85' lang='lat' dir='ltr'><strong>na</strong></span> <span class='ocrx_word' id='word_1_4' title='bbox 875 468 1080 516; x_wconf 82' lang='lat' dir='ltr'><strong>wnunovna</strong></span> 
     </span>
    </p>
   </div>
   <div class='ocr_carea' id='block_1_2' title="bbox 228 625 1345 3362">
    <p class='ocr_par' dir='ltr' id='par_1_2' title="bbox 228 625 1345 3362">
     <span class='ocr_line' id='line_1_2' title="bbox 228 625 1341 708; baseline -0.003 -18"><span class='ocrx_word' id='word_1_5' title='bbox 228 643 351 684; x_wconf 54' lang='lat' dir='ltr'><strong>andiu·</strong></span> <span class='ocrx_word' id='word_1_6' title='bbox 389 626 513 690; x_wconf 86' lang='lat' dir='ltr'><strong>Statim</strong></span> <span class='ocrx_word' id='word_1_7' title='bbox 540 627 658 708; x_wconf 88' lang='lat' dir='ltr'><strong>itaque</strong></span> <span class='ocrx_word' id='word_1_8' title='bbox 682 627 753 689; x_wconf 86' lang='lat' dir='ltr'><strong>dux</strong></span> <span class='ocrx_word' id='word_1_9' title='bbox 781 634 819 688; x_wconf 89' lang='lat' dir='ltr'><strong>ut</strong></span> <span class='ocrx_word' id='word_1_10' title='bbox 845 626 1025 707; x_wconf 81' lang='lat' dir='ltr'>applicuit,</span> <span class='ocrx_word' id='word_1_11' title='bbox 1043 625 1257 689; x_wconf 89' lang='lat' dir='ltr'><strong>Wintoniam</strong></span> <span class='ocrx_word' id='word_1_12' title='bbox 1282 645 1341 687; x_wconf 88' lang='lat' dir='ltr'><strong>ve·</strong></span> 
     </span>
     <span class='ocr_line' id='line_1_3' title="bbox 390 725 1340 808; baseline -0.004 -19"><span class='ocrx_word' id='word_1_13' title='bbox 390 727 488 789; x_wconf 85' lang='lat' dir='ltr'><strong>niens</strong></span> <span class='ocrx_word' id='word_1_14' title='bbox 504 725 586 787; x_wconf 89' lang='lat' dir='ltr'><strong>fecit</strong></span> <span class='ocrx_word' id='word_1_15' title='bbox 604 725 795 808; x_wconf 89' lang='lat' dir='ltr'><strong>ponderare</strong></span> <span class='ocrx_word' id='word_1_16' title='bbox 812 726 898 788; x_wconf 91' lang='lat' dir='ltr'><strong>etin</strong></span> <span class='ocrx_word' id='word_1_17' title='bbox 916 726 1082 806; x_wconf 92' lang='lat' dir='ltr'><strong>scriptum</strong></span> <span class='ocrx_word' id='word_1_18' title='bbox 1099 725 1253 804; x_wconf 78' lang='lat' dir='ltr'><strong>redigere</strong></span> <span class='ocrx_word' id='word_1_19' title='bbox 1269 744 1340 785; x_wconf 93' lang='lat' dir='ltr'><strong>om-</strong></span> 
     </span>
     <span class='ocr_line' id='line_1_4' title="bbox 391 817 1340 905; baseline -0.003 -17"><span class='ocrx_word' id='word_1_20' title='bbox 391 846 451 888; x_wconf 90' lang='lat' dir='ltr'><strong>nes</strong></span> <span class='ocrx_word' id='word_1_21' title='bbox 474 824 654 888; x_wconf 85' lang='lat' dir='ltr'><strong>thesauros</strong></span> <span class='ocrx_word' id='word_1_22' title='bbox 677 826 786 905; x_wconf 88' lang='lat' dir='ltr'><strong>patris</strong></span> <span class='ocrx_word' id='word_1_23' title='bbox 813 825 880 898; x_wconf 90' lang='lat' dir='ltr'><strong>sui,</strong></span> <span class='ocrx_word' id='word_1_24' title='bbox 899 832 934 887; x_wconf 89' lang='lat' dir='ltr'><strong>et</strong></span> <span class='ocrx_word' id='word_1_25' title='bbox 959 825 1102 887; x_wconf 89' lang='lat' dir='ltr'><strong>inventa</strong></span> <span class='ocrx_word' id='word_1_26' title='bbox 1124 831 1207 886; x_wconf 92' lang='lat' dir='ltr'><strong>sunt</strong></span> <span class='ocrx_word' id='word_1_27' title='bbox 1228 817 1340 904; x_wconf 89' lang='lat' dir='ltr'><strong>¹plus·</strong></span> 
     </span>
     <span class='ocr_line' id='line_1_5' title="bbox 391 923 1341 1006; baseline -0.003 -20"><span class='ocrx_word' id='word_1_28' title='bbox 391 944 496 1006; x_wconf 85' lang='lat' dir='ltr'><strong>quarn</strong></span> <span class='ocrx_word' id='word_1_29' title='bbox 521 934 697 1004; x_wconf 87' lang='lat' dir='ltr'><strong>nongenta</strong></span> <span class='ocrx_word' id='word_1_30' title='bbox 722 923 830 985; x_wconf 90' lang='lat' dir='ltr'><strong>millia</strong></span> <span class='ocrx_word' id='word_1_31' title='bbox 859 923 1023 986; x_wconf 92' lang='lat' dir='ltr'><strong>librarum</strong></span> <span class='ocrx_word' id='word_1_32' title='bbox 1054 923 1089 984; x_wconf 91' lang='lat' dir='ltr'><strong>in</strong></span> <span class='ocrx_word' id='word_1_33' title='bbox 1118 942 1205 987; x_wconf 88' lang='lat' dir='ltr'><strong>auro</strong></span> <span class='ocrx_word' id='word_1_34' title='bbox 1227 929 1262 985; x_wconf 89' lang='lat' dir='ltr'><strong>et</strong></span> <span class='ocrx_word' id='word_1_35' title='bbox 1285 941 1341 985; x_wconf 89' lang='lat' dir='ltr'><strong>ar-</strong></span> 
     </span>
     <span class='ocr_line' id='line_1_6' title="bbox 394 1021 1339 1104; baseline -0.002 -19"><span class='ocrx_word' id='word_1_36' title='bbox 394 1031 512 1103; x_wconf 87' lang='lat' dir='ltr'><strong>gento,</strong></span> <span class='ocrx_word' id='word_1_37' title='bbox 538 1031 665 1104; x_wconf 81' lang='lat' dir='ltr'><strong>praetcr</strong></span> <span class='ocrx_word' id='word_1_38' title='bbox 691 1022 823 1103; x_wconf 87' lang='lat' dir='ltr'><strong>lapides</strong></span> <span class='ocrx_word' id='word_1_39' title='bbox 849 1021 1031 1104; x_wconf 79' lang='lat' dir='ltr'><strong>pretiosos</strong></span> <span class='ocrx_word' id='word_1_40' title='bbox 1085 1022 1219 1085; x_wconf 78' lang='lat' dir='ltr'>Deinde</span> <span class='ocrx_word' id='word_1_41' title='bbox 1247 1021 1339 1102; x_wconf 84' lang='lat' dir='ltr'><strong>apud</strong></span> 
     </span>
     <span class='ocr_line' id='line_1_7' title="bbox 393 1119 1337 1198; baseline -0.005 -11"><span class='ocrx_word' id='word_1_42' title='bbox 393 1120 565 1187; x_wconf 87' lang='lat' dir='ltr'><strong>Salesberi</strong></span> <span class='ocrx_word' id='word_1_43' title='bbox 597 1122 750 1198; x_wconf 83' lang='lat' dir='ltr'><strong>veniens,</strong></span> <span class='ocrx_word' id='word_1_44' title='bbox 786 1128 821 1185; x_wconf 87' lang='lat' dir='ltr'><strong>et</strong></span> <span class='ocrx_word' id='word_1_45' title='bbox 851 1120 930 1183; x_wconf 90' lang='lat' dir='ltr'><strong>inde</strong></span> <span class='ocrx_word' id='word_1_46' title='bbox 963 1121 1006 1183; x_wconf 91' lang='lat' dir='ltr'><strong>de</strong></span> <span class='ocrx_word' id='word_1_47' title='bbox 1038 1120 1115 1183; x_wconf 92' lang='lat' dir='ltr'><strong>loco</strong></span> <span class='ocrx_word' id='word_1_48' title='bbox 1148 1121 1191 1183; x_wconf 91' lang='lat' dir='ltr'><strong>ad</strong></span> <span class='ocrx_word' id='word_1_49' title='bbox 1225 1119 1337 1183; x_wconf 90' lang='lat' dir='ltr'><strong>locum</strong></span> 
     </span>
     <span class='ocr_line' id='line_1_8' title="bbox 394 1219 1339 1303; baseline -0.001 -20"><span class='ocrx_word' id='word_1_50' title='bbox 394 1240 553 1302; x_wconf 85' lang='lat' dir='ltr'><strong>porgens,</strong></span> <span class='ocrx_word' id='word_1_51' title='bbox 577 1220 762 1301; x_wconf 89' lang='lat' dir='ltr'><strong>unicuique</strong></span> <span class='ocrx_word' id='word_1_52' title='bbox 783 1219 843 1303; x_wconf 91' lang='lat' dir='ltr'><strong>jus</strong></span> <span class='ocrx_word' id='word_1_53' title='bbox 869 1220 1014 1301; x_wconf 89' lang='lat' dir='ltr'><strong>petitum</strong></span> <span class='ocrx_word' id='word_1_54' title='bbox 1043 1220 1190 1282; x_wconf 85' lang='lat' dir='ltr'><strong>reddidit</strong></span> <span class='ocrx_word' id='word_1_55' title='bbox 1212 1227 1246 1282; x_wconf 88' lang='lat' dir='ltr'><strong>ct</strong></span> <span class='ocrx_word' id='word_1_56' title='bbox 1270 1226 1339 1282; x_wconf 86' lang='lat' dir='ltr'><strong>ter·</strong></span> 
     </span>
     <span class='ocr_line' id='line_1_9' title="bbox 394 1318 1339 1398; baseline -0.003 -15"><span class='ocrx_word' id='word_1_57' title='bbox 394 1340 450 1383; x_wconf 80' lang='lat' dir='ltr'><strong>ras</strong></span> <span class='ocrx_word' id='word_1_58' title='bbox 478 1319 604 1383; x_wconf 90' lang='lat' dir='ltr'><strong>multas</strong></span> <span class='ocrx_word' id='word_1_59' title='bbox 635 1339 703 1382; x_wconf 92' lang='lat' dir='ltr'><strong>non</strong></span> <span class='ocrx_word' id='word_1_60' title='bbox 734 1319 940 1382; x_wconf 83' lang='lat' dir='ltr'><strong>habentibus</strong></span> <span class='ocrx_word' id='word_1_61' title='bbox 962 1319 1068 1381; x_wconf 84' lang='lat' dir='ltr'><strong>dedit.</strong></span> <span class='ocrx_word' id='word_1_62' title='bbox 1122 1318 1226 1381; x_wconf 87' lang='lat' dir='ltr'><strong>Dedit</strong></span> <span class='ocrx_word' id='word_1_63' title='bbox 1250 1338 1339 1398; x_wconf 76' lang='lat' dir='ltr'><strong>prae·</strong></span> 
     </span>
     <span class='ocr_line' id='line_1_10' title="bbox 395 1417 1340 1494; baseline -0.002 -14"><span class='ocrx_word' id='word_1_64' title='bbox 395 1426 488 1481; x_wconf 88' lang='lat' dir='ltr'><strong>terea</strong></span> <span class='ocrx_word' id='word_1_65' title='bbox 505 1417 528 1481; x_wconf 86' lang='lat' dir='ltr'>J</span> <span class='ocrx_word' id='word_1_66' title='bbox 532 1418 658 1482; x_wconf 88' lang='lat' dir='ltr'><strong>obanni</strong></span> <span class='ocrx_word' id='word_1_67' title='bbox 679 1418 777 1480; x_wconf 84' lang='lat' dir='ltr'><strong>fratri</strong></span> <span class='ocrx_word' id='word_1_68' title='bbox 802 1436 866 1480; x_wconf 91' lang='lat' dir='ltr'><strong>suo</strong></span> <span class='ocrx_word' id='word_1_69' title='bbox 889 1417 994 1480; x_wconf 88' lang='lat' dir='ltr'><strong>filiam</strong></span> <span class='ocrx_word' id='word_1_70' title='bbox 1023 1417 1181 1494; x_wconf 88' lang='lat' dir='ltr'><strong>Robcrti,</strong></span> <span class='ocrx_word' id='word_1_71' title='bbox 1205 1417 1340 1481; x_wconf 90' lang='lat' dir='ltr'><strong>comitis</strong></span> 
     </span>
     <span class='ocr_line' id='line_1_11' title="bbox 394 1515 1340 1593; baseline -0.002 -12"><span class='ocrx_word' id='word_1_72' title='bbox 394 1516 607 1593; x_wconf 83' lang='lat' dir='ltr'><strong>Gloverniae,</strong></span> <span class='ocrx_word' id='word_1_73' title='bbox 637 1536 714 1579; x_wconf 92' lang='lat' dir='ltr'><strong>cum</strong></span> <span class='ocrx_word' id='word_1_74' title='bbox 750 1517 915 1580; x_wconf 88' lang='lat' dir='ltr'><strong>comitatu</strong></span> <span class='ocrx_word' id='word_1_75' title='bbox 950 1516 1010 1579; x_wconf 96' lang='lat' dir='ltr'><strong>illo</strong></span> <span class='ocrx_word' id='word_1_76' title='bbox 1042 1524 1077 1580; x_wconf 88' lang='lat' dir='ltr'><strong>et</strong></span> <span class='ocrx_word' id='word_1_77' title='bbox 1112 1515 1264 1580; x_wconf 87' lang='lat' dir='ltr'><strong>castellis</strong></span> <span class='ocrx_word' id='word_1_78' title='bbox 1298 1516 1340 1579; x_wconf 86' lang='lat' dir='ltr'><strong>de</strong></span> 
     </span>
     <span class='ocr_line' id='line_1_12' title="bbox 394 1614 1338 1697; baseline 0 -19"><span class='ocrx_word' id='word_1_79' title='bbox 394 1614 622 1697; x_wconf 86' lang='lat' dir='ltr'><strong>Merleberge,</strong></span> <span class='ocrx_word' id='word_1_80' title='bbox 646 1615 688 1677; x_wconf 91' lang='lat' dir='ltr'><strong>dc</strong></span> <span class='ocrx_word' id='word_1_81' title='bbox 715 1615 998 1695; x_wconf 87' lang='lat' dir='ltr'><strong>Lutegareshale,</strong></span> <span class='ocrx_word' id='word_1_82' title='bbox 1028 1616 1070 1678; x_wconf 89' lang='lat' dir='ltr'><strong>de</strong></span> <span class='ocrx_word' id='word_1_83' title='bbox 1100 1614 1338 1691; x_wconf 78' lang='lat' dir='ltr'><strong>BolesovercS,</strong></span> 
     </span>
     <span class='ocr_line' id='line_1_13' title="bbox 394 1713 1339 1793; baseline 0 -16"><span class='ocrx_word' id='word_1_84' title='bbox 394 1714 436 1777; x_wconf 91' lang='lat' dir='ltr'><strong>dc</strong></span> <span class='ocrx_word' id='word_1_85' title='bbox 456 1713 690 1793; x_wconf 87' lang='lat' dir='ltr'><strong>Notingcham</strong></span> <span class='ocrx_word' id='word_1_86' title='bbox 713 1720 749 1777; x_wconf 89' lang='lat' dir='ltr'><strong>et</strong></span> <span class='ocrx_word' id='word_1_87' title='bbox 768 1714 811 1775; x_wconf 87' lang='lat' dir='ltr'><strong>do</strong></span> <span class='ocrx_word' id='word_1_88' title='bbox 829 1714 1032 1791; x_wconf 77' lang='lat' dir='ltr'><strong>lancastre,</strong></span> <span class='ocrx_word' id='word_1_89' title='bbox 1053 1733 1129 1777; x_wconf 93' lang='lat' dir='ltr'><strong>cum</strong></span> <span class='ocrx_word' id='word_1_90' title='bbox 1151 1714 1339 1777; x_wconf 89' lang='lat' dir='ltr'><strong>honoribus</strong></span> 
     </span>
     <span class='ocr_line' id='line_1_14' title="bbox 394 1812 1340 1895; baseline 0.001 -20"><span class='ocrx_word' id='word_1_91' title='bbox 394 1813 437 1875; x_wconf 91' lang='lat' dir='ltr'><strong>ad</strong></span> <span class='ocrx_word' id='word_1_92' title='bbox 458 1832 499 1875; x_wconf 89' lang='lat' dir='ltr'><strong>ea</strong></span> <span class='ocrx_word' id='word_1_93' title='bbox 521 1813 784 1895; x_wconf 86' lang='lat' dir='ltr'><strong>pertinentibus,</strong></span> <span class='ocrx_word' id='word_1_94' title='bbox 802 1831 879 1875; x_wconf 90' lang='lat' dir='ltr'><strong>cum</strong></span> <span class='ocrx_word' id='word_1_95' title='bbox 900 1813 1029 1877; x_wconf 89' lang='lat' dir='ltr'><strong>bonore</strong></span> <span class='ocrx_word' id='word_1_96' title='bbox 1043 1812 1208 1876; x_wconf 90' lang='lat' dir='ltr'><strong>Willelmi</strong></span> <span class='ocrx_word' id='word_1_97' title='bbox 1232 1812 1340 1876; x_wconf 84' lang='lat' dir='ltr'><strong>Pave-</strong></span> 
     </span>
     <span class='ocr_line' id='line_1_15' title="bbox 394 1912 1339 1994; baseline 0.001 -21"><span class='ocrx_word' id='word_1_98' title='bbox 394 1913 456 1988; x_wconf 89' lang='lat' dir='ltr'><strong>rel,</strong></span> <span class='ocrx_word' id='word_1_99' title='bbox 482 1918 518 1976; x_wconf 89' lang='lat' dir='ltr'><strong>et</strong></span> <span class='ocrx_word' id='word_1_100' title='bbox 545 1913 577 1975; x_wconf 91' lang='lat' dir='ltr'><strong>ci</strong></span> <span class='ocrx_word' id='word_1_101' title='bbox 598 1913 715 1974; x_wconf 92' lang='lat' dir='ltr'><strong>omnia</strong></span> <span class='ocrx_word' id='word_1_102' title='bbox 741 1912 980 1990; x_wconf 79' lang='lat' dir='ltr'><strong>confirmavit3</strong></span> <span class='ocrx_word' id='word_1_103' title='bbox 1008 1932 1076 1994; x_wconf 90' lang='lat' dir='ltr'><strong>quo</strong></span> <span class='ocrx_word' id='word_1_104' title='bbox 1098 1912 1204 1989; x_wconf 82' lang='lat' dir='ltr'><strong>iacto,</strong></span> <span class='ocrx_word' id='word_1_105' title='bbox 1225 1931 1339 1975; x_wconf 90' lang='lat' dir='ltr'><strong>comes</strong></span> 
     </span>
     <span class='ocr_line' id='line_1_16' title="bbox 393 2010 1339 2093; baseline -0.001 -19"><span class='ocrx_word' id='word_1_106' title='bbox 393 2010 572 2074; x_wconf 85' lang='lat' dir='ltr'><strong>Jobannes</strong></span> <span class='ocrx_word' id='word_1_107' title='bbox 601 2011 822 2093; x_wconf 87' lang='lat' dir='ltr'><strong>desponsavit</strong></span> <span class='ocrx_word' id='word_1_108' title='bbox 849 2011 1029 2092; x_wconf 67' lang='lat' dir='ltr'><strong>prraesatam</strong></span> <span class='ocrx_word' id='word_1_109' title='bbox 1058 2012 1193 2074; x_wconf 87' lang='lat' dir='ltr'><strong>comitis</strong></span> <span class='ocrx_word' id='word_1_110' title='bbox 1222 2011 1339 2088; x_wconf 86' lang='lat' dir='ltr'><strong>liliam,</strong></span> 
     </span>
     <span class='ocr_line' id='line_1_17' title="bbox 393 2109 1341 2192; baseline 0.001 -21"><span class='ocrx_word' id='word_1_111' title='bbox 393 2118 514 2173; x_wconf 87' lang='lat' dir='ltr'><strong>contra</strong></span> <span class='ocrx_word' id='word_1_112' title='bbox 549 2110 812 2192; x_wconf 87' lang='lat' dir='ltr'><strong>prohibitionem</strong></span> <span class='ocrx_word' id='word_1_113' title='bbox 845 2110 1050 2185; x_wconf 89' lang='lat' dir='ltr'><strong>Baldewini,</strong></span> <span class='ocrx_word' id='word_1_114' title='bbox 1081 2109 1341 2173; x_wconf 85' lang='lat' dir='ltr'><strong>Cantuariensis</strong></span> 
     </span>
     <span class='ocr_line' id='line_1_18' title="bbox 394 2208 1341 2291; baseline 0.002 -20"><span class='ocrx_word' id='word_1_115' title='bbox 394 2208 655 2291; x_wconf 89' lang='lat' dir='ltr'><strong>archicpiscopi,</strong></span> <span class='ocrx_word' id='word_1_116' title='bbox 678 2229 719 2272; x_wconf 91' lang='lat' dir='ltr'><strong>eo</strong></span> <span class='ocrx_word' id='word_1_117' title='bbox 747 2208 838 2290; x_wconf 88' lang='lat' dir='ltr'><strong>quod</strong></span> <span class='ocrx_word' id='word_1_118' title='bbox 866 2216 1027 2290; x_wconf 88' lang='lat' dir='ltr'><strong>parentes</strong></span> <span class='ocrx_word' id='word_1_119' title='bbox 1053 2217 1152 2273; x_wconf 89' lang='lat' dir='ltr'><strong>erant</strong></span> <span class='ocrx_word' id='word_1_120' title='bbox 1176 2209 1210 2271; x_wconf 91' lang='lat' dir='ltr'><strong>in</strong></span> <span class='ocrx_word' id='word_1_121' title='bbox 1238 2209 1341 2273; x_wconf 87' lang='lat' dir='ltr'><strong>tertio</strong></span> 
     </span>
     <span class='ocr_line' id='line_1_19' title="bbox 394 2307 1342 2390; baseline 0.002 -20"><span class='ocrx_word' id='word_1_122' title='bbox 394 2309 502 2389; x_wconf 85' lang='lat' dir='ltr'><strong>gradu</strong></span> <span class='ocrx_word' id='word_1_123' title='bbox 522 2308 844 2387; x_wconf 82' lang='lat' dir='ltr'><strong>consanguinitatis.</strong></span> <span class='ocrx_word' id='word_1_124' title='bbox 898 2307 1000 2371; x_wconf 86' lang='lat' dir='ltr'><strong>Circa</strong></span> <span class='ocrx_word' id='word_1_125' title='bbox 1014 2307 1151 2371; x_wconf 86' lang='lat' dir='ltr'><strong>eosdem</strong></span> <span class='ocrx_word' id='word_1_126' title='bbox 1172 2308 1244 2370; x_wconf 91' lang='lat' dir='ltr'><strong>dies</strong></span> <span class='ocrx_word' id='word_1_127' title='bbox 1267 2310 1342 2390; x_wconf 91' lang='lat' dir='ltr'><strong>qui-</strong></span> 
     </span>
     <span class='ocr_line' id='line_1_20' title="bbox 396 2406 1342 2489; baseline 0.003 -21"><span class='ocrx_word' id='word_1_128' title='bbox 396 2406 476 2470; x_wconf 89' lang='lat' dir='ltr'><strong>dam</strong></span> <span class='ocrx_word' id='word_1_129' title='bbox 513 2408 754 2470; x_wconf 89' lang='lat' dir='ltr'><strong>canonicorum</strong></span> <span class='ocrx_word' id='word_1_130' title='bbox 790 2407 1016 2470; x_wconf 86' lang='lat' dir='ltr'><strong>Eboracensis</strong></span> <span class='ocrx_word' id='word_1_131' title='bbox 1044 2406 1199 2471; x_wconf 86' lang='lat' dir='ltr'><strong>ecclesiae</strong></span> <span class='ocrx_word' id='word_1_132' title='bbox 1232 2407 1342 2489; x_wconf 83' lang='lat' dir='ltr'><strong>elege-</strong></span> 
     </span>
     <span class='ocr_line' id='line_1_21' title="bbox 397 2504 1345 2589; baseline 0.002 -22"><span class='ocrx_word' id='word_1_133' title='bbox 397 2512 479 2569; x_wconf 91' lang='lat' dir='ltr'><strong>runt</strong></span> <span class='ocrx_word' id='word_1_134' title='bbox 491 2504 697 2569; x_wconf 88' lang='lat' dir='ltr'><strong>Gausridum</strong></span> <span class='ocrx_word' id='word_1_135' title='bbox 713 2507 853 2569; x_wconf 85' lang='lat' dir='ltr'><strong>fratrem</strong></span> <span class='ocrx_word' id='word_1_136' title='bbox 865 2506 975 2583; x_wconf 89' lang='lat' dir='ltr'><strong>ducis,</strong></span> <span class='ocrx_word' id='word_1_137' title='bbox 989 2513 1035 2583; x_wconf 92' lang='lat' dir='ltr'><strong>ct,</strong></span> <span class='ocrx_word' id='word_1_138' title='bbox 1047 2513 1189 2570; x_wconf 87' lang='lat' dir='ltr'><strong>cantato</strong></span> <span class='ocrx_word' id='word_1_139' title='bbox 1205 2505 1345 2589; x_wconf 84' lang='lat' dir='ltr'><strong>hymno,</strong></span> 
     </span>
     <span class='ocr_line' id='line_1_22' title="bbox 397 2604 1345 2686; baseline 0.002 -20"><span class='ocrx_word' id='word_1_140' title='bbox 397 2604 522 2686; x_wconf 82' lang='lat' dir='ltr'><strong>sigillis</strong></span> <span class='ocrx_word' id='word_1_141' title='bbox 553 2605 627 2667; x_wconf 89' lang='lat' dir='ltr'><strong>suis</strong></span> <span class='ocrx_word' id='word_1_142' title='bbox 653 2605 853 2668; x_wconf 88' lang='lat' dir='ltr'><strong>electionem</strong></span> <span class='ocrx_word' id='word_1_143' title='bbox 882 2605 1008 2669; x_wconf 84' lang='lat' dir='ltr'><strong>factam</strong></span> <span class='ocrx_word' id='word_1_144' title='bbox 1035 2604 1234 2668; x_wconf 87' lang='lat' dir='ltr'><strong>solemniter</strong></span> <span class='ocrx_word' id='word_1_145' title='bbox 1264 2627 1345 2670; x_wconf 89' lang='lat' dir='ltr'><strong>con-</strong></span> 
     </span>
     <span class='ocr_line' id='line_1_23' title="bbox 397 2704 1341 2785; baseline 0.001 -19"><span class='ocrx_word' id='word_1_146' title='bbox 397 2704 642 2782; x_wconf 86' lang='lat' dir='ltr'><strong>firmaverunt;</strong></span> <span class='ocrx_word' id='word_1_147' title='bbox 675 2704 733 2767; x_wconf 90' lang='lat' dir='ltr'><strong>sed</strong></span> <span class='ocrx_word' id='word_1_148' title='bbox 763 2705 929 2785; x_wconf 87' lang='lat' dir='ltr'><strong>magister</strong></span> <span class='ocrx_word' id='word_1_149' title='bbox 952 2704 1241 2780; x_wconf 87' lang='lat' dir='ltr'><strong>Bartholomaeus;</strong></span> <span class='ocrx_word' id='word_1_150' title='bbox 1264 2704 1341 2767; x_wconf 92' lang='lat' dir='ltr'><strong>Hu-</strong></span> 
     </span>
     <span class='ocr_line' id='line_1_24' title="bbox 397 2802 1343 2887; baseline 0.001 -21"><span class='ocrx_word' id='word_1_151' title='bbox 397 2805 484 2867; x_wconf 88' lang='lat' dir='ltr'><strong>berti</strong></span> <span class='ocrx_word' id='word_1_152' title='bbox 503 2803 650 2867; x_wconf 88' lang='lat' dir='ltr'><strong>Walteri</strong></span> <span class='ocrx_word' id='word_1_153' title='bbox 667 2802 834 2880; x_wconf 89' lang='lat' dir='ltr'><strong>officialis,</strong></span> <span class='ocrx_word' id='word_1_154' title='bbox 857 2803 933 2886; x_wconf 89' lang='lat' dir='ltr'><strong>ejus</strong></span> <span class='ocrx_word' id='word_1_155' title='bbox 953 2804 1108 2867; x_wconf 85' lang='lat' dir='ltr'><strong>ccclesioe</strong></span> <span class='ocrx_word' id='word_1_156' title='bbox 1130 2803 1263 2880; x_wconf 88' lang='lat' dir='ltr'><strong>decani,</strong></span> <span class='ocrx_word' id='word_1_157' title='bbox 1284 2806 1343 2887; x_wconf 92' lang='lat' dir='ltr'><strong>qui</strong></span> 
     </span>
     <span class='ocr_line' id='line_1_25' title="bbox 397 2897 1343 2983; baseline 0.001 -18"><span class='ocrx_word' id='word_1_158' title='bbox 397 2921 488 2966; x_wconf 85' lang='lat' dir='ltr'><strong>unus</strong></span> <span class='ocrx_word' id='word_1_159' title='bbox 511 2910 586 2965; x_wconf 88' lang='lat' dir='ltr'><strong>erat</strong></span> <span class='ocrx_word' id='word_1_160' title='bbox 609 2902 651 2964; x_wconf 85' lang='lat' dir='ltr'><strong>de</strong></span> <span class='ocrx_word' id='word_1_161' title='bbox 674 2901 792 2983; x_wconf 93' lang='lat' dir='ltr'><strong>primis</strong></span> <span class='ocrx_word' id='word_1_162' title='bbox 818 2903 948 2980; x_wconf 86' lang='lat' dir='ltr'><strong>electis,</strong></span> <span class='ocrx_word' id='word_1_163' title='bbox 971 2897 1031 2966; x_wconf 75' lang='lat' dir='ltr'><strong>²nc</strong></span> <span class='ocrx_word' id='word_1_164' title='bbox 1051 2903 1086 2966; x_wconf 95' lang='lat' dir='ltr'><strong>id</strong></span> <span class='ocrx_word' id='word_1_165' title='bbox 1111 2902 1208 2965; x_wconf 84' lang='lat' dir='ltr'><strong>lieret</strong></span> <span class='ocrx_word' id='word_1_166' title='bbox 1227 2902 1261 2965; x_wconf 91' lang='lat' dir='ltr'><strong>iu</strong></span> <span class='ocrx_word' id='word_1_167' title='bbox 1282 2905 1343 2968; x_wconf 90' lang='lat' dir='ltr'><strong>ab·</strong></span> 
     </span>
     <span class='ocr_line' id='line_1_26' title="bbox 396 3000 1345 3084; baseline 0.002 -20"><span class='ocrx_word' id='word_1_168' title='bbox 396 3002 509 3064; x_wconf 88' lang='lat' dir='ltr'><strong>sentia</strong></span> <span class='ocrx_word' id='word_1_169' title='bbox 525 3000 769 3064; x_wconf 87' lang='lat' dir='ltr'><strong>Dunelmensis</strong></span> <span class='ocrx_word' id='word_1_170' title='bbox 790 3002 941 3084; x_wconf 89' lang='lat' dir='ltr'><strong>episcopi</strong></span> <span class='ocrx_word' id='word_1_171' title='bbox 964 3011 998 3065; x_wconf 91' lang='lat' dir='ltr'><strong>ct</strong></span> <span class='ocrx_word' id='word_1_172' title='bbox 1017 3002 1167 3066; x_wconf 85' lang='lat' dir='ltr'><strong>Huberti</strong></span> <span class='ocrx_word' id='word_1_173' title='bbox 1184 3001 1345 3080; x_wconf 87' lang='lat' dir='ltr'><strong>Walteri,</strong></span> 
     </span>
     <span class='ocr_line' id='line_1_27' title="bbox 397 3098 1345 3184; baseline 0.003 -22"><span class='ocrx_word' id='word_1_174' title='bbox 397 3098 518 3162; x_wconf 88' lang='lat' dir='ltr'><strong>decani</strong></span> <span class='ocrx_word' id='word_1_175' title='bbox 549 3098 691 3174; x_wconf 89' lang='lat' dir='ltr'><strong>scilicet,</strong></span> <span class='ocrx_word' id='word_1_176' title='bbox 720 3121 865 3182; x_wconf 91' lang='lat' dir='ltr'><strong>quorum</strong></span> <span class='ocrx_word' id='word_1_177' title='bbox 889 3101 1031 3184; x_wconf 87' lang='lat' dir='ltr'><strong>dejure</strong></span> <span class='ocrx_word' id='word_1_178' title='bbox 1059 3110 1133 3164; x_wconf 89' lang='lat' dir='ltr'><strong>erat</strong></span> <span class='ocrx_word' id='word_1_179' title='bbox 1161 3101 1211 3163; x_wconf 93' lang='lat' dir='ltr'><strong>illi</strong></span> <span class='ocrx_word' id='word_1_180' title='bbox 1241 3101 1345 3165; x_wconf 91' lang='lat' dir='ltr'><strong>inter·</strong></span> 
     </span>
     <span class='ocr_line' id='line_1_28' title="bbox 397 3197 1344 3282; baseline 0.003 -21"><span class='ocrx_word' id='word_1_181' title='bbox 397 3218 473 3261; x_wconf 89' lang='lat' dir='ltr'><strong>csse</strong></span> <span class='ocrx_word' id='word_1_182' title='bbox 500 3197 673 3275; x_wconf 86' lang='lat' dir='ltr'><strong>electioni,</strong></span> <span class='ocrx_word' id='word_1_183' title='bbox 697 3200 825 3264; x_wconf 91' lang='lat' dir='ltr'><strong>domiui</strong></span> <span class='ocrx_word' id='word_1_184' title='bbox 854 3220 953 3282; x_wconf 80' lang='lat' dir='ltr'><strong>papae</strong></span> <span class='ocrx_word' id='word_1_185' title='bbox 980 3200 1196 3282; x_wconf 85' lang='lat' dir='ltr'><strong>praesentiam</strong></span> <span class='ocrx_word' id='word_1_186' title='bbox 1225 3202 1344 3282; x_wconf 89' lang='lat' dir='ltr'><strong>appel-</strong></span> 
     </span>
     <span class='ocr_line' id='line_1_29' title="bbox 395 3297 493 3362; baseline -0.01 -1"><span class='ocrx_word' id='word_1_187' title='bbox 395 3297 493 3362; x_wconf 81' lang='lat' dir='ltr'><strong>lavit.</strong></span> 
     </span>
    </p>
   </div>
   <div class='ocr_carea' id='block_1_3' title="bbox 608 3461 1144 3549">
    <p class='ocr_par' dir='ltr' id='par_1_3' title="bbox 608 3461 1144 3549">
     <span class='ocr_line' id='line_1_30' title="bbox 608 3461 1144 3549; baseline -0.009 -20"><span class='ocrx_word' id='word_1_188' title='bbox 608 3468 646 3529; x_wconf 80' lang='lat' dir='ltr'><strong>G.</strong></span> <span class='ocrx_word' id='word_1_189' title='bbox 661 3465 825 3549; x_wconf 71' lang='lat' dir='ltr'><strong>Helyeucis</strong></span> <span class='ocrx_word' id='word_1_190' title='bbox 839 3465 999 3527; x_wconf 71' lang='lat' dir='ltr'><strong>intesta-tus</strong></span> <span class='ocrx_word' id='word_1_191' title='bbox 1013 3461 1144 3525; x_wconf 74' lang='lat' dir='ltr'><strong>decessit.</strong></span> 
     </span>
    </p>
   </div>
   <div class='ocr_carea' id='block_1_4' title="bbox 233 3594 1346 3875">
    <p class='ocr_par' dir='ltr' id='par_1_4' title="bbox 233 3594 1346 3875">
     <span class='ocr_line' id='line_1_31' title="bbox 236 3594 1346 3680; baseline 0.003 -25"><span class='ocrx_word' id='word_1_192' title='bbox 236 3615 383 3655; x_wconf 64' lang='lat' dir='ltr'><strong>manorum</strong></span> <span class='ocrx_word' id='word_1_193' title='bbox 448 3597 578 3661; x_wconf 89' lang='lat' dir='ltr'><strong>Eodem</strong></span> <span class='ocrx_word' id='word_1_194' title='bbox 596 3606 750 3680; x_wconf 85' lang='lat' dir='ltr'><strong>tempore</strong></span> <span class='ocrx_word' id='word_1_195' title='bbox 768 3594 968 3669; x_wconf 78' lang='lat' dir='ltr'><strong>GaulriduS,</strong></span> <span class='ocrx_word' id='word_1_196' title='bbox 988 3594 1136 3657; x_wconf 88' lang='lat' dir='ltr'><strong>Eliensis</strong></span> <span class='ocrx_word' id='word_1_197' title='bbox 1152 3595 1346 3677; x_wconf 69' lang='lat' dir='ltr'><strong>episcopus</strong></span> 
     </span>
     <span class='ocr_line' id='line_1_32' title="bbox 233 3665 1345 3775; baseline 0.003 -21"><span class='ocrx_word' id='word_1_198' title='bbox 233 3665 384 3755; x_wconf 51' lang='lat' dir='ltr'><strong>iiiffhi’iffl&#39;</strong></span> <span class='ocrx_word' id='word_1_199' title='bbox 396 3696 599 3760; x_wconf 89' lang='lat' dir='ltr'><strong>duodecimo</strong></span> <span class='ocrx_word' id='word_1_200' title='bbox 629 3694 795 3759; x_wconf 84' lang='lat' dir='ltr'><strong>kalendas</strong></span> <span class='ocrx_word' id='word_1_201' title='bbox 828 3692 1039 3775; x_wconf 90' lang='lat' dir='ltr'><strong>Septembris</strong></span> <span class='ocrx_word' id='word_1_202' title='bbox 1071 3682 1257 3755; x_wconf 85' lang='lat' dir='ltr'><strong>intestatus</strong></span> <span class='ocrx_word' id='word_1_203' title='bbox 1287 3695 1345 3757; x_wconf 91' lang='lat' dir='ltr'><strong>de·</strong></span> 
     </span>
     <span class='ocr_line' id='line_1_33' title="bbox 398 3791 1345 3875; baseline -0.003 -16"><span class='ocrx_word' id='word_1_204' title='bbox 398 3797 514 3871; x_wconf 87' lang='lat' dir='ltr'><strong>cessit,</strong></span> <span class='ocrx_word' id='word_1_205' title='bbox 538 3796 628 3859; x_wconf 89' lang='lat' dir='ltr'><strong>unde</strong></span> <span class='ocrx_word' id='word_1_206' title='bbox 650 3815 693 3857; x_wconf 89' lang='lat' dir='ltr'><strong>ex</strong></span> <span class='ocrx_word' id='word_1_207' title='bbox 711 3792 865 3874; x_wconf 86' lang='lat' dir='ltr'><strong>reliquiis</strong></span> <span class='ocrx_word' id='word_1_208' title='bbox 882 3792 957 3875; x_wconf 89' lang='lat' dir='ltr'><strong>ejus</strong></span> <span class='ocrx_word' id='word_1_209' title='bbox 980 3791 1168 3857; x_wconf 87' lang='lat' dir='ltr'><strong>confiscata</strong></span> <span class='ocrx_word' id='word_1_210' title='bbox 1183 3801 1265 3856; x_wconf 91' lang='lat' dir='ltr'><strong>sunt</strong></span> <span class='ocrx_word' id='word_1_211' title='bbox 1278 3794 1345 3856; x_wconf 91' lang='lat' dir='ltr'><strong>tria</strong></span> 
     </span>
    </p>
   </div>
   <div class='ocr_carea' id='block_1_5' title="bbox 398 3892 1343 3972">
    <p class='ocr_par' dir='ltr' id='par_1_5' title="bbox 398 3892 1343 3972">
     <span class='ocr_line' id='line_1_34' title="bbox 398 3892 1343 3972; baseline -0.002 -16"><span class='ocrx_word' id='word_1_212' title='bbox 398 3896 505 3958; x_wconf 87' lang='lat' dir='ltr'><strong>millia</strong></span> <span class='ocrx_word' id='word_1_213' title='bbox 536 3914 661 3956; x_wconf 78' lang='lat' dir='ltr'><strong>marca.</strong></span> <span class='ocrx_word' id='word_1_214' title='bbox 695 3893 843 3972; x_wconf 82' lang='lat' dir='ltr'><strong>argenti,</strong></span> <span class='ocrx_word' id='word_1_215' title='bbox 875 3892 1002 3955; x_wconf 89' lang='lat' dir='ltr'><strong>additis</strong></span> <span class='ocrx_word' id='word_1_216' title='bbox 1033 3893 1157 3956; x_wconf 87' lang='lat' dir='ltr'><strong>marcis</strong></span> <span class='ocrx_word' id='word_1_217' title='bbox 1187 3892 1343 3955; x_wconf 89' lang='lat' dir='ltr'><strong>ducentis</strong></span> 
     </span>
    </p>
   </div>
   <div class='ocr_carea' id='block_1_6' title="bbox 395 4140 1329 4276">
    <p class='ocr_par' dir='ltr' id='par_1_6' title="bbox 395 4140 1329 4276">
     <span class='ocr_line' id='line_1_35' title="bbox 432 4140 1329 4206; baseline 0.001 -14"><span class='ocrx_word' id='word_1_218' title='bbox 432 4140 581 4206; x_wconf 74' lang='lat' dir='ltr'><strong>¹Plrsquom</strong></span> <span class='ocrx_word' id='word_1_219' title='bbox 593 4148 713 4205; x_wconf 78' lang='lat' dir='ltr'><strong>aoagcuto</strong></span> <span class='ocrx_word' id='word_1_220' title='bbox 732 4143 810 4191; x_wconf 85' lang='lat' dir='ltr'><strong>millio</strong></span> <span class='ocrx_word' id='word_1_221' title='bbox 826 4144 857 4191; x_wconf 89' lang='lat' dir='ltr'><strong>li·</strong></span> <span class='ocrx_word' id='word_1_222' title='bbox 916 4140 973 4191; x_wconf 78' lang='lat' dir='ltr'><strong>²Ne</strong></span> <span class='ocrx_word' id='word_1_223' title='bbox 986 4143 1011 4190; x_wconf 84' lang='lat' dir='ltr'><strong>id</strong></span> <span class='ocrx_word' id='word_1_224' title='bbox 1015 4142 1112 4206; x_wconf 68' lang='lat' dir='ltr'><strong>fieret]</strong></span> <span class='ocrx_word' id='word_1_225' title='bbox 1130 4143 1188 4191; x_wconf 87' lang='lat' dir='ltr'><strong>‘Ne</strong></span> <span class='ocrx_word' id='word_1_226' title='bbox 1200 4144 1287 4205; x_wconf 64' lang='lat' dir='ltr'><strong>rerer:</strong></span> <span class='ocrx_word' id='word_1_227' title='bbox 1299 4146 1329 4193; x_wconf 82' lang='lat' dir='ltr'><strong>C.</strong></span> 
     </span>
     <span class='ocr_line' id='line_1_36' title="bbox 395 4213 856 4276; baseline 0.002 -15"><span class='ocrx_word' id='word_1_228' title='bbox 395 4213 514 4276; x_wconf 71' lang='lat' dir='ltr'><strong>brorum]</strong></span> <span class='ocrx_word' id='word_1_229' title='bbox 534 4214 665 4263; x_wconf 75' lang='lat' dir='ltr'><strong>Benedici.</strong></span> <span class='ocrx_word' id='word_1_230' title='bbox 677 4214 744 4263; x_wconf 82' lang='lat' dir='ltr'><strong>Abb.</strong></span> <span class='ocrx_word' id='word_1_231' title='bbox 762 4228 787 4275; x_wconf 88' lang='lat' dir='ltr'><strong>p.</strong></span> <span class='ocrx_word' id='word_1_232' title='bbox 800 4218 856 4262; x_wconf 73' lang='lat'>553.</span> 
     </span>
    </p>
   </div>
   <div class='ocr_carea' id='block_1_7' title="bbox 0 0 1499 5016">
    <p class='ocr_par' dir='ltr' id='par_1_7' title="bbox 0 0 1499 5016">
     <span class='ocr_line' id='line_1_37' title="bbox 0 0 1499 5016; baseline 0 0"><span class='ocrx_word' id='word_1_233' title='bbox 0 0 1499 5016; x_wconf 95' lang='lat' dir='ltr'><strong> </strong></span> 
     </span>
    </p>
   </div>
  </div>
 </body>
</html>
