<?xml version="1.0" encoding="UTF-8"?>
<!DOCTYPE html PUBLIC "-//W3C//DTD XHTML 1.0 Transitional//EN"
    "http://www.w3.org/TR/xhtml1/DTD/xhtml1-transitional.dtd">
<html xmlns="http://www.w3.org/1999/xhtml" xml:lang="en" lang="en">
 <head>
  <title>
</title>
<meta http-equiv="Content-Type" content="text/html;charset=utf-8" />
  <meta name='ocr-system' content='tesseract 3.04.00' />
  <meta name='ocr-capabilities' content='ocr_page ocr_carea ocr_par ocr_line ocrx_word'/>
</head>
<body>
  <div class='ocr_page' id='page_1' title='image "./rogeridewendove08rogegoog_0172.png"; bbox 0 0 2970 5016; ppageno 0'>
   <div class='ocr_carea' id='block_1_1' title="bbox 406 483 1097 547">
    <p class='ocr_par' dir='ltr' id='par_1_1' title="bbox 406 483 1097 547">
     <span class='ocr_line' id='line_1_1' title="bbox 406 483 1097 547; baseline 0.004 -4"><span class='ocrx_word' id='word_1_1' title='bbox 406 496 545 544; x_wconf 75' lang='lat' dir='ltr'><strong>enonas</strong></span> <span class='ocrx_word' id='word_1_2' title='bbox 573 495 843 546; x_wconf 80' lang='lat' dir='ltr'><strong>nrsronmaon.</strong></span> <span class='ocrx_word' id='word_1_3' title='bbox 1032 483 1097 547; x_wconf 84' lang='lat'><strong>163</strong></span> 
     </span>
    </p>
   </div>
   <div class='ocr_carea' id='block_1_2' title="bbox 144 652 1233 3909">
    <p class='ocr_par' dir='ltr' id='par_1_2' title="bbox 144 652 1233 3909">
     <span class='ocr_line' id='line_1_2' title="bbox 144 652 1233 758; baseline 0.005 -42"><span class='ocrx_word' id='word_1_4' title='bbox 144 653 299 717; x_wconf 83' lang='lat' dir='ltr'><strong>ecclesiae</strong></span> <span class='ocrx_word' id='word_1_5' title='bbox 319 654 532 729; x_wconf 88' lang='lat' dir='ltr'><strong>notissimus,</strong></span> <span class='ocrx_word' id='word_1_6' title='bbox 552 652 653 735; x_wconf 91' lang='lat' dir='ltr'><strong>cujus</strong></span> <span class='ocrx_word' id='word_1_7' title='bbox 672 654 847 717; x_wconf 84' lang='lat' dir='ltr'><strong>brachium</strong></span> <span class='ocrx_word' id='word_1_8' title='bbox 865 674 989 719; x_wconf 85' lang='lat' dir='ltr'><strong>cancer</strong></span> <span class='ocrx_word' id='word_1_9' title='bbox 1010 655 1097 722; x_wconf 89' lang='lat' dir='ltr'><strong>adeo</strong></span> <span class='ocrx_word' id='word_1_10' title='bbox 1110 669 1165 758; x_wconf 61' lang='lat' dir='ltr'><strong>Ml</strong></span> <span class='ocrx_word' id='word_1_11' title='bbox 1177 670 1233 758; x_wconf 54' lang='lat'><strong>&#39;¹²2⁰-</strong></span> 
     </span>
     <span class='ocr_line' id='line_1_3' title="bbox 144 720 1216 858; baseline 0.002 -41"><span class='ocrx_word' id='word_1_12' title='bbox 144 761 352 829; x_wconf 89' lang='lat' dir='ltr'><strong>corroserat,</strong></span> <span class='ocrx_word' id='word_1_13' title='bbox 372 753 493 834; x_wconf 92' lang='lat' dir='ltr'><strong>quod</strong></span> <span class='ocrx_word' id='word_1_14' title='bbox 478 771 552 835; x_wconf 85' lang='lat' dir='ltr'><strong>Jam</strong></span> <span class='ocrx_word' id='word_1_15' title='bbox 573 771 613 815; x_wconf 88' lang='lat' dir='ltr'><strong>os</strong></span> <span class='ocrx_word' id='word_1_16' title='bbox 636 771 739 815; x_wconf 89' lang='lat' dir='ltr'><strong>carne</strong></span> <span class='ocrx_word' id='word_1_17' title='bbox 761 754 928 817; x_wconf 89' lang='lat' dir='ltr'><strong>nudatum</strong></span> <span class='ocrx_word' id='word_1_18' title='bbox 952 773 1097 837; x_wconf 87' lang='lat' dir='ltr'><strong>appare-</strong></span> <span class='ocrx_word' id='word_1_19' title='bbox 1110 720 1216 858; x_wconf 67' lang='lat' dir='ltr'><strong>“llll</strong></span> 
     </span>
     <span class='ocr_line' id='line_1_4' title="bbox 145 819 1205 936; baseline 0.002 -20"><span class='ocrx_word' id='word_1_20' title='bbox 145 854 218 928; x_wconf 91' lang='lat' dir='ltr'><strong>bat,</strong></span> <span class='ocrx_word' id='word_1_21' title='bbox 244 851 335 916; x_wconf 90' lang='lat' dir='ltr'><strong>idem</strong></span> <span class='ocrx_word' id='word_1_22' title='bbox 364 852 463 916; x_wconf 90' lang='lat' dir='ltr'><strong>miles</strong></span> <span class='ocrx_word' id='word_1_23' title='bbox 494 851 671 914; x_wconf 87' lang='lat' dir='ltr'><strong>brachium</strong></span> <span class='ocrx_word' id='word_1_24' title='bbox 703 871 804 915; x_wconf 92' lang='lat' dir='ltr'><strong>suum</strong></span> <span class='ocrx_word' id='word_1_25' title='bbox 838 872 943 935; x_wconf 91' lang='lat' dir='ltr'><strong>super</strong></span> <span class='ocrx_word' id='word_1_26' title='bbox 970 873 1097 936; x_wconf 90' lang='lat' dir='ltr'><strong>corpus</strong></span> <span class='ocrx_word' id='word_1_27' title='bbox 1110 819 1205 908; x_wconf 65' lang='lat' dir='ltr'><strong>llnlh</strong></span> 
     </span>
     <span class='ocr_line' id='line_1_5' title="bbox 145 950 1097 1034; baseline 0.003 -20"><span class='ocrx_word' id='word_1_28' title='bbox 145 952 299 1034; x_wconf 83' lang='lat' dir='ltr'><strong>episcopi</strong></span> <span class='ocrx_word' id='word_1_29' title='bbox 324 952 439 1033; x_wconf 89' lang='lat' dir='ltr'><strong>posuit</strong></span> <span class='ocrx_word' id='word_1_30' title='bbox 461 959 497 1014; x_wconf 89' lang='lat' dir='ltr'><strong>et</strong></span> <span class='ocrx_word' id='word_1_31' title='bbox 519 950 642 1014; x_wconf 90' lang='lat' dir='ltr'><strong>faciem</strong></span> <span class='ocrx_word' id='word_1_32' title='bbox 665 951 741 1034; x_wconf 90' lang='lat' dir='ltr'><strong>ejus</strong></span> <span class='ocrx_word' id='word_1_33' title='bbox 770 954 885 1032; x_wconf 89' lang='lat' dir='ltr'><strong>gratia</strong></span> <span class='ocrx_word' id='word_1_34' title='bbox 907 955 1097 1017; x_wconf 82' lang='lat' dir='ltr'><strong>curationis</strong></span> 
     </span>
     <span class='ocr_line' id='line_1_6' title="bbox 146 1049 1098 1134; baseline 0.003 -21"><span class='ocrx_word' id='word_1_35' title='bbox 146 1051 344 1132; x_wconf 87' lang='lat' dir='ltr'><strong>frequenter</strong></span> <span class='ocrx_word' id='word_1_36' title='bbox 365 1070 443 1113; x_wconf 91' lang='lat' dir='ltr'><strong>cum</strong></span> <span class='ocrx_word' id='word_1_37' title='bbox 463 1049 649 1134; x_wconf 85' lang='lat' dir='ltr'><strong>lachrymis</strong></span> <span class='ocrx_word' id='word_1_38' title='bbox 667 1051 795 1130; x_wconf 86' lang='lat' dir='ltr'><strong>tetigit,</strong></span> <span class='ocrx_word' id='word_1_39' title='bbox 815 1053 1002 1134; x_wconf 84' lang='lat' dir='ltr'><strong>statimque</strong></span> <span class='ocrx_word' id='word_1_40' title='bbox 1022 1053 1053 1116; x_wconf 93' lang='lat' dir='ltr'><strong>ei</strong></span> <span class='ocrx_word' id='word_1_41' title='bbox 1076 1074 1098 1116; x_wconf 94' lang='lat' dir='ltr'><strong>a</strong></span> 
     </span>
     <span class='ocr_line' id='line_1_7' title="bbox 148 1149 1096 1226; baseline 0.002 -13"><span class='ocrx_word' id='word_1_42' title='bbox 148 1150 311 1226; x_wconf 90' lang='lat' dir='ltr'><strong>Domino,</strong></span> <span class='ocrx_word' id='word_1_43' title='bbox 337 1150 469 1213; x_wconf 87' lang='lat' dir='ltr'><strong>meritis</strong></span> <span class='ocrx_word' id='word_1_44' title='bbox 495 1149 607 1213; x_wconf 86' lang='lat' dir='ltr'><strong>sancti</strong></span> <span class='ocrx_word' id='word_1_45' title='bbox 633 1149 700 1225; x_wconf 88' lang='lat' dir='ltr'><strong>sui,</strong></span> <span class='ocrx_word' id='word_1_46' title='bbox 727 1150 889 1214; x_wconf 88' lang='lat' dir='ltr'><strong>restituta</strong></span> <span class='ocrx_word' id='word_1_47' title='bbox 914 1160 968 1215; x_wconf 89' lang='lat' dir='ltr'><strong>est</strong></span> <span class='ocrx_word' id='word_1_48' title='bbox 992 1153 1096 1216; x_wconf 87' lang='lat' dir='ltr'><strong>mise·</strong></span> 
     </span>
     <span class='ocr_line' id='line_1_8' title="bbox 147 1247 1098 1330; baseline 0.003 -19"><span class='ocrx_word' id='word_1_49' title='bbox 147 1249 302 1312; x_wconf 82' lang='lat' dir='ltr'><strong>rabiliter</strong></span> <span class='ocrx_word' id='word_1_50' title='bbox 318 1247 450 1312; x_wconf 88' lang='lat' dir='ltr'><strong>brachii</strong></span> <span class='ocrx_word' id='word_1_51' title='bbox 472 1248 526 1311; x_wconf 92' lang='lat' dir='ltr'><strong>sui</strong></span> <span class='ocrx_word' id='word_1_52' title='bbox 550 1255 621 1311; x_wconf 86' lang='lat' dir='ltr'><strong>tam</strong></span> <span class='ocrx_word' id='word_1_53' title='bbox 642 1266 723 1310; x_wconf 88' lang='lat' dir='ltr'><strong>caro</strong></span> <span class='ocrx_word' id='word_1_54' title='bbox 742 1268 847 1330; x_wconf 88' lang='lat' dir='ltr'><strong>quam</strong></span> <span class='ocrx_word' id='word_1_55' title='bbox 871 1251 982 1328; x_wconf 82' lang='lat' dir='ltr'><strong>cutis3</strong></span> <span class='ocrx_word' id='word_1_56' title='bbox 1007 1251 1098 1315; x_wconf 92' lang='lat' dir='ltr'><strong>unde</strong></span> 
     </span>
     <span class='ocr_line' id='line_1_9' title="bbox 148 1347 1098 1430; baseline 0.004 -20"><span class='ocrx_word' id='word_1_57' title='bbox 148 1349 247 1412; x_wconf 88' lang='lat' dir='ltr'><strong>miles</strong></span> <span class='ocrx_word' id='word_1_58' title='bbox 265 1348 343 1412; x_wconf 93' lang='lat' dir='ltr'><strong>Deo</strong></span> <span class='ocrx_word' id='word_1_59' title='bbox 362 1356 397 1412; x_wconf 88' lang='lat' dir='ltr'><strong>et</strong></span> <span class='ocrx_word' id='word_1_60' title='bbox 411 1355 533 1411; x_wconf 86' lang='lat' dir='ltr'><strong>sancto</strong></span> <span class='ocrx_word' id='word_1_61' title='bbox 551 1347 691 1430; x_wconf 85' lang='lat' dir='ltr'><strong>praesuli</strong></span> <span class='ocrx_word' id='word_1_62' title='bbox 710 1348 843 1427; x_wconf 82' lang='lat' dir='ltr'><strong>gratias</strong></span> <span class='ocrx_word' id='word_1_63' title='bbox 862 1367 969 1430; x_wconf 88' lang='lat' dir='ltr'><strong>agens</strong></span> <span class='ocrx_word' id='word_1_64' title='bbox 987 1369 1025 1413; x_wconf 90' lang='lat' dir='ltr'><strong>se</strong></span> <span class='ocrx_word' id='word_1_65' title='bbox 1043 1369 1098 1414; x_wconf 89' lang='lat' dir='ltr'><strong>sa-</strong></span> 
     </span>
     <span class='ocr_line' id='line_1_10' title="bbox 148 1444 1098 1529; baseline 0.001 -19"><span class='ocrx_word' id='word_1_66' title='bbox 148 1467 229 1510; x_wconf 91' lang='lat' dir='ltr'><strong>num</strong></span> <span class='ocrx_word' id='word_1_67' title='bbox 258 1447 389 1512; x_wconf 92' lang='lat' dir='ltr'><strong>decano</strong></span> <span class='ocrx_word' id='word_1_68' title='bbox 419 1447 573 1511; x_wconf 85' lang='lat' dir='ltr'><strong>ecclesiae</strong></span> <span class='ocrx_word' id='word_1_69' title='bbox 600 1444 745 1527; x_wconf 91' lang='lat' dir='ltr'><strong>aliisque</strong></span> <span class='ocrx_word' id='word_1_70' title='bbox 775 1447 856 1508; x_wconf 88' lang='lat' dir='ltr'><strong>viris</strong></span> <span class='ocrx_word' id='word_1_71' title='bbox 887 1447 954 1510; x_wconf 89' lang='lat' dir='ltr'><strong>fide</strong></span> <span class='ocrx_word' id='word_1_72' title='bbox 983 1447 1098 1529; x_wconf 86' lang='lat' dir='ltr'><strong>dignis</strong></span> 
     </span>
     <span class='ocr_line' id='line_1_11' title="bbox 148 1544 1099 1630; baseline 0.002 -21"><span class='ocrx_word' id='word_1_73' title='bbox 148 1547 277 1629; x_wconf 85' lang='lat' dir='ltr'><strong>saepius</strong></span> <span class='ocrx_word' id='word_1_74' title='bbox 308 1546 546 1628; x_wconf 84' lang='lat' dir='ltr'><strong>praesentavit.</strong></span> <span class='ocrx_word' id='word_1_75' title='bbox 599 1544 728 1608; x_wconf 89' lang='lat' dir='ltr'><strong>Eadem</strong></span> <span class='ocrx_word' id='word_1_76' title='bbox 751 1544 837 1609; x_wconf 92' lang='lat' dir='ltr'><strong>hora</strong></span> <span class='ocrx_word' id='word_1_77' title='bbox 858 1546 983 1610; x_wconf 88' lang='lat' dir='ltr'><strong>mulier</strong></span> <span class='ocrx_word' id='word_1_78' title='bbox 1003 1567 1099 1630; x_wconf 85' lang='lat' dir='ltr'><strong>quae·</strong></span> 
     </span>
     <span class='ocr_line' id='line_1_12' title="bbox 149 1645 1101 1728; baseline 0.002 -19"><span class='ocrx_word' id='word_1_79' title='bbox 149 1646 242 1722; x_wconf 91' lang='lat' dir='ltr'><strong>dam,</strong></span> <span class='ocrx_word' id='word_1_80' title='bbox 264 1664 343 1728; x_wconf 84' lang='lat' dir='ltr'><strong>quae</strong></span> <span class='ocrx_word' id='word_1_81' title='bbox 374 1665 437 1728; x_wconf 91' lang='lat' dir='ltr'><strong>per</strong></span> <span class='ocrx_word' id='word_1_82' title='bbox 463 1645 679 1727; x_wconf 78' lang='lat' dir='ltr'><strong>septennium</strong></span> <span class='ocrx_word' id='word_1_83' title='bbox 710 1663 754 1706; x_wconf 86' lang='lat' dir='ltr'><strong>ex</strong></span> <span class='ocrx_word' id='word_1_84' title='bbox 783 1664 852 1709; x_wconf 92' lang='lat' dir='ltr'><strong>uno</strong></span> <span class='ocrx_word' id='word_1_85' title='bbox 881 1645 983 1709; x_wconf 93' lang='lat' dir='ltr'><strong>oculo</strong></span> <span class='ocrx_word' id='word_1_86' title='bbox 1006 1666 1101 1711; x_wconf 85' lang='lat' dir='ltr'><strong>caeca</strong></span> 
     </span>
     <span class='ocr_line' id='line_1_13' title="bbox 149 1743 1100 1822; baseline 0 -13"><span class='ocrx_word' id='word_1_87' title='bbox 149 1745 275 1822; x_wconf 90' lang='lat' dir='ltr'><strong>fuerat,</strong></span> <span class='ocrx_word' id='word_1_88' title='bbox 290 1744 488 1809; x_wconf 83' lang='lat' dir='ltr'><strong>videntibus</strong></span> <span class='ocrx_word' id='word_1_89' title='bbox 508 1743 641 1807; x_wconf 90' lang='lat' dir='ltr'><strong>cunctis</strong></span> <span class='ocrx_word' id='word_1_90' title='bbox 661 1751 696 1807; x_wconf 86' lang='lat' dir='ltr'><strong>et</strong></span> <span class='ocrx_word' id='word_1_91' title='bbox 711 1744 974 1821; x_wconf 88' lang='lat' dir='ltr'><strong>admirantibus,</strong></span> <span class='ocrx_word' id='word_1_92' title='bbox 987 1747 1100 1809; x_wconf 86' lang='lat' dir='ltr'><strong>visum</strong></span> 
     </span>
     <span class='ocr_line' id='line_1_14' title="bbox 150 1843 1102 1926; baseline 0.001 -20"><span class='ocrx_word' id='word_1_93' title='bbox 150 1844 291 1926; x_wconf 89' lang='lat' dir='ltr'><strong>recepit.</strong></span> <span class='ocrx_word' id='word_1_94' title='bbox 354 1843 486 1908; x_wconf 89' lang='lat' dir='ltr'><strong>Eadem</strong></span> <span class='ocrx_word' id='word_1_95' title='bbox 506 1843 592 1907; x_wconf 88' lang='lat' dir='ltr'><strong>hora</strong></span> <span class='ocrx_word' id='word_1_96' title='bbox 608 1843 748 1924; x_wconf 91' lang='lat' dir='ltr'><strong>quidam</strong></span> <span class='ocrx_word' id='word_1_97' title='bbox 770 1845 952 1907; x_wconf 87' lang='lat' dir='ltr'><strong>bursarum</strong></span> <span class='ocrx_word' id='word_1_98' title='bbox 974 1844 1102 1909; x_wconf 88' lang='lat' dir='ltr'><strong>incisor</strong></span> 
     </span>
     <span class='ocr_line' id='line_1_15' title="bbox 152 1942 1101 2026; baseline 0.002 -20"><span class='ocrx_word' id='word_1_99' title='bbox 152 1944 188 2006; x_wconf 92' lang='lat' dir='ltr'><strong>in</strong></span> <span class='ocrx_word' id='word_1_100' title='bbox 216 1944 472 2025; x_wconf 82' lang='lat' dir='ltr'><strong>compressione</strong></span> <span class='ocrx_word' id='word_1_101' title='bbox 502 1943 563 2006; x_wconf 93' lang='lat' dir='ltr'><strong>illa</strong></span> <span class='ocrx_word' id='word_1_102' title='bbox 595 1950 630 2005; x_wconf 94' lang='lat' dir='ltr'><strong>et</strong></span> <span class='ocrx_word' id='word_1_103' title='bbox 662 1942 811 2006; x_wconf 88' lang='lat' dir='ltr'><strong>tumultu</strong></span> <span class='ocrx_word' id='word_1_104' title='bbox 844 1943 1015 2025; x_wconf 90' lang='lat' dir='ltr'><strong>populari,</strong></span> <span class='ocrx_word' id='word_1_105' title='bbox 1041 1946 1101 2026; x_wconf 90' lang='lat' dir='ltr'><strong>qni</strong></span> 
     </span>
     <span class='ocr_line' id='line_1_16' title="bbox 151 2041 1102 2117; baseline 0.001 -11"><span class='ocrx_word' id='word_1_106' title='bbox 151 2043 244 2106; x_wconf 89' lang='lat' dir='ltr'><strong>circa</strong></span> <span class='ocrx_word' id='word_1_107' title='bbox 275 2043 341 2105; x_wconf 89' lang='lat' dir='ltr'><strong>Dei</strong></span> <span class='ocrx_word' id='word_1_108' title='bbox 366 2041 532 2105; x_wconf 89' lang='lat' dir='ltr'><strong>famulum</strong></span> <span class='ocrx_word' id='word_1_109' title='bbox 557 2042 795 2117; x_wconf 87' lang='lat' dir='ltr'><strong>concurrebat,</strong></span> <span class='ocrx_word' id='word_1_110' title='bbox 819 2061 1016 2106; x_wconf 86' lang='lat' dir='ltr'><strong>crumenam</strong></span> <span class='ocrx_word' id='word_1_111' title='bbox 1042 2063 1102 2107; x_wconf 94' lang='lat' dir='ltr'><strong>cu-</strong></span> 
     </span>
     <span class='ocr_line' id='line_1_17' title="bbox 148 2139 1103 2225; baseline 0.001 -20"><span class='ocrx_word' id='word_1_112' title='bbox 148 2140 290 2225; x_wconf 89' lang='lat' dir='ltr'><strong>jusdam</strong></span> <span class='ocrx_word' id='word_1_113' title='bbox 318 2141 473 2205; x_wconf 90' lang='lat' dir='ltr'><strong>mulieris</strong></span> <span class='ocrx_word' id='word_1_114' title='bbox 504 2141 652 2219; x_wconf 82' lang='lat' dir='ltr'><strong>incidit3</strong></span> <span class='ocrx_word' id='word_1_115' title='bbox 686 2139 746 2204; x_wconf 89' lang='lat' dir='ltr'><strong>sed</strong></span> <span class='ocrx_word' id='word_1_116' title='bbox 779 2161 856 2204; x_wconf 92' lang='lat' dir='ltr'><strong>cum</strong></span> <span class='ocrx_word' id='word_1_117' title='bbox 889 2163 950 2224; x_wconf 89' lang='lat' dir='ltr'><strong>per</strong></span> <span class='ocrx_word' id='word_1_118' title='bbox 979 2143 1103 2206; x_wconf 88' lang='lat' dir='ltr'><strong>merita</strong></span> 
     </span>
     <span class='ocr_line' id='line_1_18' title="bbox 152 2240 1101 2323; baseline 0.001 -18"><span class='ocrx_word' id='word_1_119' title='bbox 152 2241 246 2305; x_wconf 87' lang='lat' dir='ltr'><strong>beati</strong></span> <span class='ocrx_word' id='word_1_120' title='bbox 265 2240 450 2323; x_wconf 87' lang='lat' dir='ltr'><strong>pontificis,</strong></span> <span class='ocrx_word' id='word_1_121' title='bbox 470 2241 531 2322; x_wconf 91' lang='lat' dir='ltr'><strong>qui</strong></span> <span class='ocrx_word' id='word_1_122' title='bbox 556 2259 594 2302; x_wconf 89' lang='lat' dir='ltr'><strong>se</strong></span> <span class='ocrx_word' id='word_1_123' title='bbox 616 2259 686 2303; x_wconf 92' lang='lat' dir='ltr'><strong>non</strong></span> <span class='ocrx_word' id='word_1_124' title='bbox 710 2248 883 2304; x_wconf 87' lang='lat' dir='ltr'><strong>mortuum</strong></span> <span class='ocrx_word' id='word_1_125' title='bbox 907 2242 967 2304; x_wconf 84' lang='lat' dir='ltr'><strong>sed</strong></span> <span class='ocrx_word' id='word_1_126' title='bbox 984 2243 1101 2306; x_wconf 83' lang='lat' dir='ltr'><strong>vivum</strong></span> 
     </span>
     <span class='ocr_line' id='line_1_19' title="bbox 153 2333 1104 2422; baseline 0.001 -18"><span class='ocrx_word' id='word_1_127' title='bbox 153 2340 317 2416; x_wconf 88' lang='lat' dir='ltr'><strong>ostendit,</strong></span> <span class='ocrx_word' id='word_1_128' title='bbox 340 2340 451 2403; x_wconf 86' lang='lat' dir='ltr'><strong>ambae</strong></span> <span class='ocrx_word' id='word_1_129' title='bbox 471 2358 594 2403; x_wconf 90' lang='lat' dir='ltr'><strong>manus</strong></span> <span class='ocrx_word' id='word_1_130' title='bbox 617 2339 692 2422; x_wconf 90' lang='lat' dir='ltr'><strong>ejus</strong></span> <span class='ocrx_word' id='word_1_131' title='bbox 712 2333 972 2404; x_wconf 87' lang='lat' dir='ltr'><strong>¹cohiberentur</strong></span> <span class='ocrx_word' id='word_1_132' title='bbox 996 2350 1032 2405; x_wconf 89' lang='lat' dir='ltr'><strong>et</strong></span> <span class='ocrx_word' id='word_1_133' title='bbox 1053 2342 1104 2405; x_wconf 92' lang='lat' dir='ltr'><strong>di-</strong></span> 
     </span>
     <span class='ocr_line' id='line_1_20' title="bbox 153 2438 1104 2521; baseline 0 -18"><span class='ocrx_word' id='word_1_134' title='bbox 153 2441 218 2521; x_wconf 90' lang='lat' dir='ltr'><strong>giti</strong></span> <span class='ocrx_word' id='word_1_135' title='bbox 243 2438 329 2502; x_wconf 91' lang='lat' dir='ltr'><strong>furis</strong></span> <span class='ocrx_word' id='word_1_136' title='bbox 359 2438 497 2502; x_wconf 83' lang='lat' dir='ltr'><strong>nefandi</strong></span> <span class='ocrx_word' id='word_1_137' title='bbox 521 2438 609 2502; x_wconf 84' lang='lat' dir='ltr'><strong>volis</strong></span> <span class='ocrx_word' id='word_1_138' title='bbox 640 2457 803 2502; x_wconf 90' lang='lat' dir='ltr'><strong>mannum</strong></span> <span class='ocrx_word' id='word_1_139' title='bbox 834 2439 926 2502; x_wconf 88' lang='lat' dir='ltr'><strong>illins</strong></span> <span class='ocrx_word' id='word_1_140' title='bbox 961 2439 1104 2503; x_wconf 87' lang='lat' dir='ltr'><strong>firmiter</strong></span> 
     </span>
     <span class='ocr_line' id='line_1_21' title="bbox 153 2536 1104 2620; baseline -0.002 -17"><span class='ocrx_word' id='word_1_141' title='bbox 153 2538 484 2620; x_wconf 82' lang='lat' dir='ltr'><strong>constringerentur,</strong></span> <span class='ocrx_word' id='word_1_142' title='bbox 515 2537 663 2620; x_wconf 91' lang='lat' dir='ltr'><strong>projecit</strong></span> <span class='ocrx_word' id='word_1_143' title='bbox 694 2536 858 2601; x_wconf 78' lang='lat' dir='ltr'><strong>furtivam</strong></span> <span class='ocrx_word' id='word_1_144' title='bbox 887 2558 971 2613; x_wconf 92' lang='lat' dir='ltr'><strong>rem,</strong></span> <span class='ocrx_word' id='word_1_145' title='bbox 1000 2557 1104 2620; x_wconf 90' lang='lat' dir='ltr'><strong>quam</strong></span> 
     </span>
     <span class='ocr_line' id='line_1_22' title="bbox 154 2636 1106 2720; baseline 0 -19"><span class='ocrx_word' id='word_1_146' title='bbox 154 2639 302 2702; x_wconf 89' lang='lat' dir='ltr'><strong>retinere</strong></span> <span class='ocrx_word' id='word_1_147' title='bbox 326 2657 396 2701; x_wconf 91' lang='lat' dir='ltr'><strong>non</strong></span> <span class='ocrx_word' id='word_1_148' title='bbox 418 2638 544 2720; x_wconf 90' lang='lat' dir='ltr'><strong>potuit,</strong></span> <span class='ocrx_word' id='word_1_149' title='bbox 566 2637 602 2699; x_wconf 89' lang='lat' dir='ltr'><strong>in</strong></span> <span class='ocrx_word' id='word_1_150' title='bbox 623 2636 857 2717; x_wconf 87' lang='lat' dir='ltr'><strong>pavimentum</strong></span> <span class='ocrx_word' id='word_1_151' title='bbox 880 2637 1046 2713; x_wconf 87' lang='lat' dir='ltr'><strong>ecclesiae,</strong></span> <span class='ocrx_word' id='word_1_152' title='bbox 1071 2649 1106 2701; x_wconf 90' lang='lat' dir='ltr'><strong>et</strong></span> 
     </span>
     <span class='ocr_line' id='line_1_23' title="bbox 155 2736 1104 2800; baseline -0.001 0"><span class='ocrx_word' id='word_1_153' title='bbox 155 2737 302 2800; x_wconf 89' lang='lat' dir='ltr'><strong>hominis</strong></span> <span class='ocrx_word' id='word_1_154' title='bbox 340 2737 463 2800; x_wconf 87' lang='lat' dir='ltr'><strong>furiosi</strong></span> <span class='ocrx_word' id='word_1_155' title='bbox 502 2736 760 2800; x_wconf 90' lang='lat' dir='ltr'><strong>similitudinem</strong></span> <span class='ocrx_word' id='word_1_156' title='bbox 795 2754 976 2799; x_wconf 83' lang='lat' dir='ltr'><strong>assumens</strong></span> <span class='ocrx_word' id='word_1_157' title='bbox 1010 2738 1104 2800; x_wconf 90' lang='lat' dir='ltr'><strong>omui</strong></span> 
     </span>
     <span class='ocr_line' id='line_1_24' title="bbox 155 2834 1106 2920; baseline -0.002 -21"><span class='ocrx_word' id='word_1_158' title='bbox 155 2836 284 2920; x_wconf 91' lang='lat' dir='ltr'><strong>populo</strong></span> <span class='ocrx_word' id='word_1_159' title='bbox 307 2835 420 2900; x_wconf 87' lang='lat' dir='ltr'><strong>factus</strong></span> <span class='ocrx_word' id='word_1_160' title='bbox 443 2844 497 2899; x_wconf 89' lang='lat' dir='ltr'><strong>est</strong></span> <span class='ocrx_word' id='word_1_161' title='bbox 521 2837 556 2898; x_wconf 93' lang='lat' dir='ltr'><strong>in</strong></span> <span class='ocrx_word' id='word_1_162' title='bbox 583 2834 759 2913; x_wconf 81' lang='lat' dir='ltr'><strong>derisnm3</strong></span> <span class='ocrx_word' id='word_1_163' title='bbox 782 2835 900 2917; x_wconf 91' lang='lat' dir='ltr'><strong>sicque</strong></span> <span class='ocrx_word' id='word_1_164' title='bbox 922 2841 1106 2917; x_wconf 90' lang='lat' dir='ltr'><strong>postquam</strong></span> 
     </span>
     <span class='ocr_line' id='line_1_25' title="bbox 155 2934 1106 3018; baseline -0.001 -19"><span class='ocrx_word' id='word_1_165' title='bbox 155 2955 177 2999; x_wconf 88' lang='lat' dir='ltr'><strong>a</strong></span> <span class='ocrx_word' id='word_1_166' title='bbox 199 2936 324 3018; x_wconf 88' lang='lat' dir='ltr'><strong>spiritu</strong></span> <span class='ocrx_word' id='word_1_167' title='bbox 347 2934 500 3016; x_wconf 89' lang='lat' dir='ltr'><strong>maligno</strong></span> <span class='ocrx_word' id='word_1_168' title='bbox 518 2934 649 2997; x_wconf 89' lang='lat' dir='ltr'><strong>diutius</strong></span> <span class='ocrx_word' id='word_1_169' title='bbox 671 2934 883 3014; x_wconf 78' lang='lat' dir='ltr'><strong>agitabatur,</strong></span> <span class='ocrx_word' id='word_1_170' title='bbox 900 2934 1039 2997; x_wconf 87' lang='lat' dir='ltr'><strong>tandem</strong></span> <span class='ocrx_word' id='word_1_171' title='bbox 1063 2935 1106 2998; x_wconf 92' lang='lat' dir='ltr'><strong>ad</strong></span> 
     </span>
     <span class='ocr_line' id='line_1_26' title="bbox 156 3033 1109 3098; baseline 0.001 -1"><span class='ocrx_word' id='word_1_172' title='bbox 156 3055 194 3098; x_wconf 92' lang='lat' dir='ltr'><strong>se</strong></span> <span class='ocrx_word' id='word_1_173' title='bbox 220 3053 380 3098; x_wconf 84' lang='lat' dir='ltr'><strong>reversus</strong></span> <span class='ocrx_word' id='word_1_174' title='bbox 404 3034 503 3097; x_wconf 87' lang='lat' dir='ltr'><strong>stetit</strong></span> <span class='ocrx_word' id='word_1_175' title='bbox 524 3033 709 3096; x_wconf 87' lang='lat' dir='ltr'><strong>immobilis</strong></span> <span class='ocrx_word' id='word_1_176' title='bbox 729 3041 764 3097; x_wconf 92' lang='lat' dir='ltr'><strong>et</strong></span> <span class='ocrx_word' id='word_1_177' title='bbox 786 3034 913 3097; x_wconf 86' lang='lat' dir='ltr'><strong>acriter</strong></span> <span class='ocrx_word' id='word_1_178' title='bbox 936 3033 1018 3096; x_wconf 87' lang='lat' dir='ltr'><strong>llere</strong></span> <span class='ocrx_word' id='word_1_179' title='bbox 1037 3053 1109 3098; x_wconf 90' lang='lat' dir='ltr'><strong>coe·</strong></span> 
     </span>
     <span class='ocr_line' id='line_1_27' title="bbox 156 3133 1109 3216; baseline 0.001 -19"><span class='ocrx_word' id='word_1_180' title='bbox 156 3135 221 3216; x_wconf 90' lang='lat' dir='ltr'><strong>pit,</strong></span> <span class='ocrx_word' id='word_1_181' title='bbox 243 3134 444 3216; x_wconf 86' lang='lat' dir='ltr'><strong>cunctisque</strong></span> <span class='ocrx_word' id='word_1_182' title='bbox 461 3133 690 3209; x_wconf 64' lang='lat' dir='ltr'><strong>audientibus</strong></span> <span class='ocrx_word' id='word_1_183' title='bbox 709 3133 944 3214; x_wconf 87' lang='lat' dir='ltr'><strong>turpissimam</strong></span> <span class='ocrx_word' id='word_1_184' title='bbox 961 3134 1014 3196; x_wconf 91' lang='lat' dir='ltr'><strong>sui</strong></span> <span class='ocrx_word' id='word_1_185' title='bbox 1033 3152 1109 3198; x_wconf 91' lang='lat' dir='ltr'><strong>sce·</strong></span> 
     </span>
     <span class='ocr_line' id='line_1_28' title="bbox 156 3232 1109 3297; baseline 0 -1"><span class='ocrx_word' id='word_1_186' title='bbox 156 3233 238 3296; x_wconf 85' lang='lat' dir='ltr'><strong>loris</strong></span> <span class='ocrx_word' id='word_1_187' title='bbox 252 3233 417 3296; x_wconf 85' lang='lat' dir='ltr'><strong>offensam</strong></span> <span class='ocrx_word' id='word_1_188' title='bbox 433 3233 553 3296; x_wconf 87' lang='lat' dir='ltr'><strong>andire</strong></span> <span class='ocrx_word' id='word_1_189' title='bbox 566 3232 762 3295; x_wconf 88' lang='lat' dir='ltr'><strong>volentibus</strong></span> <span class='ocrx_word' id='word_1_190' title='bbox 779 3233 980 3296; x_wconf 84' lang='lat' dir='ltr'><strong>denudavit.</strong></span> <span class='ocrx_word' id='word_1_191' title='bbox 1014 3232 1109 3297; x_wconf 87' lang='lat' dir='ltr'><strong>Tan·</strong></span> 
     </span>
     <span class='ocr_line' id='line_1_29' title="bbox 156 3330 1109 3413; baseline 0 -17"><span class='ocrx_word' id='word_1_192' title='bbox 156 3333 247 3408; x_wconf 92' lang='lat' dir='ltr'><strong>dem,</strong></span> <span class='ocrx_word' id='word_1_193' title='bbox 264 3351 342 3396; x_wconf 92' lang='lat' dir='ltr'><strong>cnm</strong></span> <span class='ocrx_word' id='word_1_194' title='bbox 364 3331 458 3396; x_wconf 85' lang='lat' dir='ltr'><strong>aliud</strong></span> <span class='ocrx_word' id='word_1_195' title='bbox 477 3351 547 3395; x_wconf 91' lang='lat' dir='ltr'><strong>non</strong></span> <span class='ocrx_word' id='word_1_196' title='bbox 565 3330 707 3395; x_wconf 92' lang='lat' dir='ltr'><strong>haberet</strong></span> <span class='ocrx_word' id='word_1_197' title='bbox 723 3331 907 3413; x_wconf 89' lang='lat' dir='ltr'><strong>refugium,</strong></span> <span class='ocrx_word' id='word_1_198' title='bbox 922 3351 1109 3396; x_wconf 88' lang='lat' dir='ltr'><strong>conversus</strong></span> 
     </span>
     <span class='ocr_line' id='line_1_30' title="bbox 157 3431 1109 3508; baseline -0.002 -13"><span class='ocrx_word' id='word_1_199' title='bbox 157 3432 202 3495; x_wconf 89' lang='lat' dir='ltr'><strong>ad</strong></span> <span class='ocrx_word' id='word_1_200' title='bbox 230 3431 361 3495; x_wconf 88' lang='lat' dir='ltr'><strong>clerum</strong></span> <span class='ocrx_word' id='word_1_201' title='bbox 390 3431 492 3508; x_wconf 85' lang='lat' dir='ltr'><strong>dixit,</strong></span> <span class='ocrx_word' id='word_1_202' title='bbox 519 3431 756 3493; x_wconf 85' lang='lat' dir='ltr'><strong>‘Miseremini</strong></span> <span class='ocrx_word' id='word_1_203' title='bbox 788 3432 867 3507; x_wconf 90' lang='lat' dir='ltr'><strong>mei,</strong></span> <span class='ocrx_word' id='word_1_204' title='bbox 902 3432 1109 3493; x_wconf 89' lang='lat' dir='ltr'><strong>miseremini</strong></span> 
     </span>
     <span class='ocr_line' id='line_1_31' title="bbox 159 3528 1110 3608; baseline -0.002 -14"><span class='ocrx_word' id='word_1_205' title='bbox 159 3531 282 3594; x_wconf 85' lang='lat' dir='ltr'><strong>saltem</strong></span> <span class='ocrx_word' id='word_1_206' title='bbox 318 3550 381 3595; x_wconf 87' lang='lat' dir='ltr'><strong>vos</strong></span> <span class='ocrx_word' id='word_1_207' title='bbox 416 3531 517 3594; x_wconf 88' lang='lat' dir='ltr'><strong>amici</strong></span> <span class='ocrx_word' id='word_1_208' title='bbox 551 3531 647 3608; x_wconf 83' lang='lat' dir='ltr'><strong>Dei3</strong></span> <span class='ocrx_word' id='word_1_209' title='bbox 690 3531 895 3593; x_wconf 91' lang='lat' dir='ltr'><strong>abrenuntio</strong></span> <span class='ocrx_word' id='word_1_210' title='bbox 926 3530 1016 3591; x_wconf 89' lang='lat' dir='ltr'><strong>enim</strong></span> <span class='ocrx_word' id='word_1_211' title='bbox 1047 3528 1110 3592; x_wconf 88' lang='lat' dir='ltr'><strong>Sa-</strong></span> 
     </span>
     <span class='ocr_line' id='line_1_32' title="bbox 159 3627 1111 3712; baseline -0.005 -17"><span class='ocrx_word' id='word_1_212' title='bbox 159 3631 275 3695; x_wconf 85' lang='lat' dir='ltr'><strong>thanae</strong></span> <span class='ocrx_word' id='word_1_213' title='bbox 298 3638 333 3694; x_wconf 88' lang='lat' dir='ltr'><strong>et</strong></span> <span class='ocrx_word' id='word_1_214' title='bbox 352 3630 512 3712; x_wconf 87' lang='lat' dir='ltr'><strong>operibus</strong></span> <span class='ocrx_word' id='word_1_215' title='bbox 536 3630 624 3712; x_wconf 76' lang='lat' dir='ltr'><strong>ejuS,</strong></span> <span class='ocrx_word' id='word_1_216' title='bbox 649 3629 774 3711; x_wconf 90' lang='lat' dir='ltr'><strong>quihus</strong></span> <span class='ocrx_word' id='word_1_217' title='bbox 796 3628 973 3709; x_wconf 87' lang='lat' dir='ltr'><strong>bucusque</strong></span> <span class='ocrx_word' id='word_1_218' title='bbox 996 3627 1111 3691; x_wconf 88' lang='lat' dir='ltr'><strong>deser-</strong></span> 
     </span>
     <span class='ocr_line' id='line_1_33' title="bbox 160 3728 1114 3812; baseline -0.004 -19"><span class='ocrx_word' id='word_1_219' title='bbox 160 3730 252 3808; x_wconf 83' lang='lat' dir='ltr'><strong>vivi3</strong></span> <span class='ocrx_word' id='word_1_220' title='bbox 276 3738 312 3793; x_wconf 89' lang='lat' dir='ltr'><strong>et</strong></span> <span class='ocrx_word' id='word_1_221' title='bbox 330 3737 429 3792; x_wconf 87' lang='lat' dir='ltr'><strong>orate</strong></span> <span class='ocrx_word' id='word_1_222' title='bbox 448 3749 511 3812; x_wconf 93' lang='lat' dir='ltr'><strong>pro</strong></span> <span class='ocrx_word' id='word_1_223' title='bbox 531 3748 585 3791; x_wconf 89' lang='lat' dir='ltr'><strong>me</strong></span> <span class='ocrx_word' id='word_1_224' title='bbox 606 3728 649 3791; x_wconf 88' lang='lat' dir='ltr'><strong>ad</strong></span> <span class='ocrx_word' id='word_1_225' title='bbox 675 3728 874 3803; x_wconf 92' lang='lat' dir='ltr'><strong>Dominum,</strong></span> <span class='ocrx_word' id='word_1_226' title='bbox 898 3746 941 3790; x_wconf 90' lang='lat' dir='ltr'><strong>ne</strong></span> <span class='ocrx_word' id='word_1_227' title='bbox 964 3746 1017 3789; x_wconf 90' lang='lat' dir='ltr'><strong>me</strong></span> <span class='ocrx_word' id='word_1_228' title='bbox 1039 3747 1114 3809; x_wconf 90' lang='lat' dir='ltr'><strong>poe·</strong></span> 
     </span>
     <span class='ocr_line' id='line_1_34' title="bbox 160 3826 1113 3909; baseline -0.004 -17"><span class='ocrx_word' id='word_1_229' title='bbox 160 3830 327 3893; x_wconf 90' lang='lat' dir='ltr'><strong>nitentem</strong></span> <span class='ocrx_word' id='word_1_230' title='bbox 354 3828 554 3905; x_wconf 85' lang='lat' dir='ltr'><strong>conlhndat,</strong></span> <span class='ocrx_word' id='word_1_231' title='bbox 585 3827 645 3890; x_wconf 88' lang='lat' dir='ltr'><strong>sed</strong></span> <span class='ocrx_word' id='word_1_232' title='bbox 678 3846 810 3890; x_wconf 89' lang='lat' dir='ltr'><strong>meeum</strong></span> <span class='ocrx_word' id='word_1_233' title='bbox 836 3827 952 3909; x_wconf 91' lang='lat' dir='ltr'><strong>potius</strong></span> <span class='ocrx_word' id='word_1_234' title='bbox 981 3826 1113 3889; x_wconf 87' lang='lat' dir='ltr'><strong>miseri·</strong></span> 
     </span>
    </p>
   </div>
   <div class='ocr_carea' id='block_1_3' title="bbox 159 3925 1113 4009">
    <p class='ocr_par' dir='ltr' id='par_1_3' title="bbox 159 3925 1113 4009">
     <span class='ocr_line' id='line_1_35' title="bbox 159 3925 1113 4009; baseline -0.005 -17"><span class='ocrx_word' id='word_1_235' title='bbox 159 3928 311 3992; x_wconf 89' lang='lat' dir='ltr'><strong>corditer</strong></span> <span class='ocrx_word' id='word_1_236' title='bbox 335 3925 441 4009; x_wconf 63' lang='lat' dir='ltr'><strong>agat?</strong></span> <span class='ocrx_word' id='word_1_237' title='bbox 494 3927 540 3991; x_wconf 88' lang='lat' dir='ltr'><strong>Et</strong></span> <span class='ocrx_word' id='word_1_238' title='bbox 568 3927 743 4001; x_wconf 87' lang='lat' dir='ltr'><strong>continuo,</strong></span> <span class='ocrx_word' id='word_1_239' title='bbox 770 3925 863 3988; x_wconf 87' lang='lat' dir='ltr'><strong>facta</strong></span> <span class='ocrx_word' id='word_1_240' title='bbox 885 3925 1041 3988; x_wconf 88' lang='lat' dir='ltr'><strong>oratione</strong></span> <span class='ocrx_word' id='word_1_241' title='bbox 1068 3925 1113 3987; x_wconf 90' lang='lat' dir='ltr'><strong>ad</strong></span> 
     </span>
    </p>
   </div>
   <div class='ocr_carea' id='block_1_4' title="bbox 163 4100 1116 4237">
    <p class='ocr_par' dir='ltr' id='par_1_4' title="bbox 163 4100 1116 4237">
     <span class='ocr_line' id='line_1_36' title="bbox 198 4100 1116 4166; baseline -0.002 -15"><span class='ocrx_word' id='word_1_242' title='bbox 198 4101 206 4132; x_wconf 87' lang='lat'>¹</span> <span class='ocrx_word' id='word_1_243' title='bbox 222 4103 419 4166; x_wconf 60' lang='lat' dir='ltr'><strong>everterentur]</strong></span> <span class='ocrx_word' id='word_1_244' title='bbox 438 4102 496 4151; x_wconf 78' lang='lat' dir='ltr'><strong>And</strong></span> <span class='ocrx_word' id='word_1_245' title='bbox 508 4102 540 4151; x_wconf 87' lang='lat' dir='ltr'><strong>he</strong></span> <span class='ocrx_word' id='word_1_246' title='bbox 557 4104 629 4151; x_wconf 77' lang='lat' dir='ltr'><strong>buret</strong></span> <span class='ocrx_word' id='word_1_247' title='bbox 654 4101 777 4149; x_wconf 87' lang='lat' dir='ltr'><strong>Hoveden</strong></span> <span class='ocrx_word' id='word_1_248' title='bbox 794 4100 840 4148; x_wconf 81' lang='lat' dir='ltr'><strong>has</strong></span> <span class='ocrx_word' id='word_1_249' title='bbox 861 4101 935 4162; x_wconf 80' lang='lat' dir='ltr'><strong>given</strong></span> <span class='ocrx_word' id='word_1_250' title='bbox 954 4100 980 4148; x_wconf 90' lang='lat' dir='ltr'><strong>iu</strong></span> <span class='ocrx_word' id='word_1_251' title='bbox 1000 4100 1116 4150; x_wconf 87' lang='lat' dir='ltr'><strong>nineteen</strong></span> 
     </span>
     <span class='ocr_line' id='line_1_37' title="bbox 163 4171 963 4237; baseline -0.004 -16"><span class='ocrx_word' id='word_1_252' title='bbox 163 4172 231 4237; x_wconf 84' lang='lat' dir='ltr'><strong>forth</strong></span> <span class='ocrx_word' id='word_1_253' title='bbox 258 4175 311 4220; x_wconf 81' lang='lat' dir='ltr'><strong>into</strong></span> <span class='ocrx_word' id='word_1_254' title='bbox 334 4187 350 4221; x_wconf 86' lang='lat' dir='ltr'><strong>a</strong></span> <span class='ocrx_word' id='word_1_255' title='bbox 372 4172 522 4235; x_wconf 83' lang='lat' dir='ltr'><strong>confession,</strong></span> <span class='ocrx_word' id='word_1_256' title='bbox 544 4171 628 4220; x_wconf 80' lang='lat' dir='ltr'><strong>which</strong></span> <span class='ocrx_word' id='word_1_257' title='bbox 653 4171 750 4232; x_wconf 81' lang='lat' dir='ltr'><strong>elegiae</strong></span> <span class='ocrx_word' id='word_1_258' title='bbox 762 4184 856 4231; x_wconf 80' lang='lat' dir='ltr'><strong>verses,</strong></span> <span class='ocrx_word' id='word_1_259' title='bbox 869 4185 894 4230; x_wconf 88' lang='lat' dir='ltr'><strong>p.</strong></span> <span class='ocrx_word' id='word_1_260' title='bbox 906 4173 963 4219; x_wconf 75' lang='lat'>812.</span> 
     </span>
    </p>
   </div>
   <div class='ocr_carea' id='block_1_5' title="bbox 0 0 1515 5016">
    <p class='ocr_par' dir='ltr' id='par_1_5' title="bbox 0 0 1515 5016">
     <span class='ocr_line' id='line_1_38' title="bbox 0 0 1515 5016; baseline 0 0"><span class='ocrx_word' id='word_1_261' title='bbox 0 0 1515 5016; x_wconf 95' lang='lat' dir='ltr'><strong> </strong></span> 
     </span>
    </p>
   </div>
  </div>
 </body>
</html>
