2970 5016
404 453 449 518 20
667 466 800 514 neceni
826 465 872 512 uu
893 422 1109 512 wnnoovnn'

243 624 366 665 nonno
405 598 575 678 habenda,
603 601 663 669 sed
693 600 843 683 populus
873 621 948 664 earn
981 601 1133 682 recipere
1167 598 1354 663 recusavit.

405 693 520 762 Tunc¹
550 720 694 781 surgens
721 701 860 783 quidam
889 700 975 781 legis
1004 701 1136 781 peritus
1166 701 1227 775 ait,
1250 699 1353 761 ‘Viri

406 797 588 875 Israeliten,
616 799 732 863 audite
759 800 938 863 consilium
969 818 1092 862 meum.
1147 798 1274 862 Melius
1302 806 1354 860 est

406 898 505 961 nobis
533 899 620 962 mori
649 920 712 981 pro
741 899 818 980 lege
846 908 976 973 nostra,
1007 918 1110 980 quarn
1143 898 1292 961 incidere
1317 898 1354 959 in

406 1016 529 1061 manus
558 999 772 1061 inimicorum
803 1006 1010 1074 nostrorum,
1038 998 1128 1061 sicut
1149 999 1208 1061 lex
1234 1006 1355 1060 nostra

405 1097 594 1180 praecepit.’
645 1096 775 1161 Omnes
793 1096 910 1178 itaque
931 1116 1108 1160 assensum
1125 1097 1175 1159 illi
1198 1097 1354 1178 praebue·

405 1203 499 1273 runt,
515 1205 550 1260 et
566 1195 731 1260 accedeus
749 1198 985 1278 unusquisque
1007 1195 1256 1278 paterfamilias
1275 1214 1354 1258 cum

403 1296 577 1359 novacula
592 1304 697 1359 acuta
712 1295 869 1377 inprimis
892 1295 1087 1359 inciderunt
1106 1303 1250 1376 guttura
1265 1313 1355 1357 uxo·

406 1414 482 1457 rum
507 1402 542 1458 et
567 1395 714 1458 filiorum
739 1403 774 1459 et
796 1395 942 1458 filiarum
969 1415 1109 1458 suarum
1135 1403 1169 1458 et
1193 1395 1272 1457 iude
1298 1401 1352 1458 to·

403 1495 477 1557 tius
498 1495 638 1558 familiae
665 1513 750 1571 suae,
773 1495 1059 1577 projeceruntque
1078 1502 1233 1557 mortuos
1260 1512 1354 1568 suos,

406 1613 493 1674 quos
508 1594 789 1657 sacrificaverunt
803 1593 994 1670 daemouiiS,
1013 1613 1119 1675 super
1139 1593 1354 1657 Christianos

405 1701 507 1755 extra
530 1712 685 1769 murum;
709 1691 797 1756 alios
821 1702 936 1757 autem
954 1692 1153 1758 interfectos
1169 1701 1204 1756 et
1220 1694 1353 1774 seipsos

407 1792 621 1854 incluserunt
654 1791 689 1853 in
721 1791 822 1854 domo
852 1794 959 1873 regia,
988 1802 1035 1868 et,
1069 1794 1230 1875 apposito
1260 1793 1352 1872 igne,

406 1891 540 1972 seipsos
562 1910 638 1953 cum
659 1889 816 1953 domibus
837 1893 941 1972 regiis
962 1894 1235 1955 combusserunt.
1274 1891 1354 1969 Quo

407 1988 512 2062 facto,
534 1989 626 2052 cives
642 1997 677 2052 et
694 1991 819 2053 milites
834 1991 980 2054 aedilicia
994 1991 1195 2055 ludaeorum
1214 2011 1354 2055 concre-

406 2095 553 2165 mantes,
581 2108 657 2152 cum
683 2089 812 2153 chartis
838 2090 1043 2166 debitorum,
1075 2091 1270 2154 thesaurum
1297 2111 1354 2155 eo·

405 2207 480 2250 rum
498 2189 564 2251 sibi
578 2181 821 2252 'retinuerunt

407 2352 595 2436 Gausridns,
611 2351 814 2417 Eboracensie
828 2352 946 2429 electus,
955 2352 1114 2438 presbyter
1128 2364 1169 2417 esi
1182 2355 1355 2418 ordinatas.

241 2463 395 2562 mim
470 2476 572 2541 Circa
604 2477 677 2540 dies
706 2477 792 2541 istos
814 2477 1011 2541 Willelmus
1043 2478 1237 2561 episcopus,
1265 2481 1355 2559 regis

243 2564 371 2653 Jffldm‘
406 2576 631 2640 cancellarius
673 2584 709 2639 et
741 2576 887 2655 Angliae·
920 2578 1148 2659 justiciarius,
1184 2580 1276 2660 cepit
1310 2578 1352 2642 ad

245 2665 317 2712 ΡΜ·
407 2695 495 2758 opus
523 2675 615 2758 regis
640 2676 683 2738 de
706 2676 853 2756 singulis
876 2677 1075 2739 civitatibus
1105 2676 1244 2758 Angliae
1269 2678 1355 2742 duos
1421 2666 1424 2671 ’

406 2775 594 2858 palefridos
621 2784 657 2839 et
679 2775 821 2839 totidem
844 2776 1062 2851 summarios,
1084 2786 1120 2839 et
1142 2777 1184 2839 de
1206 2778 1354 2841 abbatiis

407 2875 554 2956 siugulis
576 2894 681 2938 unum
706 2874 909 2955 palefridum
936 2881 972 2937 et
996 2877 1220 2939 summarium
1237 2896 1354 2941 unum.

407 2968 557 3037 Eodem³
579 2982 733 3054 tempore
755 2972 778 3036 J
781 2973 946 3048 ohannes,
968 2973 1150 3057 episcopus
1171 2974 1355 3039 Candidae-

407 3090 507 3147 casae,
536 3072 761 3136 Eboracensis
790 3073 943 3136 ecclesiae
974 3074 1226 3156 suffraganeus,
1258 3074 1355 3138 Gau-

407 3170 545 3247 fridum,
579 3171 828 3235 Ebornceusem
858 3172 1017 3246 electum,
1048 3173 1084 3235 in
1118 3176 1354 3256 presbyterum

406 3271 591 3335 ordinavit.
655 3270 724 3334 Per
755 3271 843 3335 idem
874 3279 1010 3354 tempus
1041 3272 1163 3336 electio
1196 3273 1353 3353 praedicti

408 3368 569 3434 Gausridi
606 3391 627 3434 a
669 3390 762 3454 papa
800 3371 979 3435 Clemente
1018 3373 1251 3448 confirmetur,
1295 3376 1355 3455 qui

406 3470 498 3533 inter
520 3479 658 3544 caetera,
686 3490 764 3553 quae
792 3470 946 3551 capitulo
964 3471 1173 3535 Eboraceusi
1203 3472 1354 3554 scripsit,

407 3569 443 3631 in
471 3571 539 3633 line
569 3570 764 3653 subjunxit,
788 3568 994 3633 ‘Monemus
1019 3571 1127 3651 igitur
1149 3571 1356 3636 universita-

443 3777 523 3826 'Tane
530 3770 655 3843 surgere]
667 3775 870 3825 Benedicthbb.
897 3775 1358 3837 cipalsliyingintoScoiland,hewas

407 3864 433 3910 p.
446 3852 503 3897 585.
896 3845 1359 3909 obligedtobecoutentwithhenvily

442 3908 646 3981 'Retiruerunt.]
676 3914 750 3975 Upon
767 3913 872 3975 hearing
897 3916 974 3976 fining
991 3915 1034 3963 the
1052 3917 1157 3964 citizens
1176 3918 1311 3979 according
1333 3923 1359 3967 to

407 3986 437 4036 of
451 3986 502 4036 this
519 3984 688 4046 persecution,
699 3983 742 4032 the
756 3983 819 4045 king
832 3997 871 4031 or·
897 3984 961 4033 their
972 3990 1108 4046 property;
1126 3985 1285 4048 Newburgh.

407 4057 484 4106 dered
500 4055 543 4104 the
560 4053 703 4104 choncellor
720 4054 833 4114 severely
845 4059 871 4101 to
931 4051 1040 4102 ⁸Eodem
1051 4056 1176 4118 tempore]
1193 4056 1247 4104 The
1264 4057 1318 4104 bull
1333 4057 1363 4105 of

406 4125 501 4186 punish
513 4125 554 4173 the
566 4123 706 4181 offenders3
723 4122 756 4171 he
768 4123 870 4171 accord-
897 4122 1011 4173 clement
1029 4126 1052 4172 is
1071 4127 1146 4186 given
1168 4131 1195 4173 at
1216 4125 1302 4188 length
1325 4126 1359 4187 by

400 4194 476 4256 'ingly
485 4199 553 4241 went
562 4198 588 4240 to
595 4192 676 4253 Yorlr,
685 4193 740 4255 but,
747 4192 789 4240 the
801 4193 870 4253 prin·
897 4193 997 4254 Diceto,
1008 4194 1056 4242 cel.
1067 4196 1125 4243 ⁶58.
