2970 5016
246 656 300 697 ab.
314 658 370 696 taos.

248 2745 308 2784 Plnal

247 2802 346 2833 sentence
355 2793 379 2833 ol

246 3044 383 3092 cmreruury.

409 468 474 532 188
667 482 801 531 nocant
827 482 873 529 nn
897 479 1105 528 wannovnn

409 639 561 702 lustrans
596 658 756 719 magnam
785 639 940 720 pecuniae
973 656 1143 701 summam
1172 638 1364 719 congessit,

410 745 445 801 et
468 738 606 800 tandem
641 739 732 820 apud
764 738 963 819 Radingum
999 738 1035 800 in
1068 737 1221 801 crastino
1251 738 1366 800 sancti

410 836 516 900 Lucae
550 837 777 917 evangelistae
812 837 996 900 concilium
1030 837 1247 914 celebravit3
1293 856 1364 919 quo

410 935 515 1013 lacto,
540 937 723 1000 sarcinulis
755 955 832 998 cum
863 954 988 1017 magna
1016 935 1363 1017 cantela-dispositis

410 1043 445 1099 et
478 1036 664 1117 prudenter
694 1035 956 1112 commendatis
991 1034 1136 1099 festinus
1168 1036 1283 1100 viator
1317 1036 1363 1101 ad

410 1154 504 1198 mare
547 1135 751 1216 perveniens
789 1133 954 1216 Angliam
987 1153 1009 1197 a
1040 1141 1140 1216 tergo
1179 1133 1361 1200 salutavit.

410 1233 540 1296 Eodem
563 1242 716 1316 ternpore
738 1233 803 1296 viri
829 1233 982 1315 religiosi
1006 1232 1227 1323 departibus
1250 1240 1363 1298 trans-

409 1333 563 1410 marinis,
585 1333 797 1414 interreges
819 1353 883 1415 pro
908 1352 994 1414 pace
1018 1331 1236 1396 reformanda
1262 1333 1361 1397 solli-

410 1432 477 1495 cite
496 1432 740 1510 discurrentes,
764 1431 800 1495 in
821 1431 1011 1496 festivitate
1034 1430 1197 1495 Omnium
1220 1440 1361 1496 sancto-

410 1550 485 1593 rum
511 1525 701 1596 ¹biennales
731 1531 888 1595 inducias
913 1531 1165 1614 impetrarunt3
1205 1550 1268 1594 rex
1298 1531 1362 1613 igi-

410 1638 468 1695 tur
486 1629 665 1694 Johannes
687 1650 847 1694 reversus
866 1631 902 1693 in
922 1629 1083 1712 Angliam
1108 1630 1199 1711 apud
1221 1630 1363 1695 Portes-

410 1729 527 1793 muthe
545 1730 713 1813 applicuit
732 1729 841 1812 pridie
862 1729 940 1793 idus
964 1728 1176 1793 Decembris
1228 1730 1360 1794 Eodem

410 1847 502 1892 anno
519 1829 727 1906 Willelmus,
747 1828 1000 1892 Lincolniensis
1023 1829 1218 1910 episcopus,
1238 1829 1360 1911 vigilia

410 1926 633 1992 Ascensionis
653 1930 744 1991 viam
761 1929 933 1991 universae
953 1928 1067 1991 carnis
1087 1928 1263 2009 ingressus
1286 1937 1360 2009 est;

410 2047 480 2107 quo
510 2028 612 2091 etiam
646 2048 737 2091 anno
769 2021 968 2090 'locelinus
1000 2024 1186 2090 Wellensis
1221 2035 1361 2091 creatus

410 2126 592 2208 episcopus
616 2125 860 2190 Bathoniensis
888 2146 950 2208 per
977 2124 1203 2190 ministerium
1228 2127 1362 2191 Willel·

410 2225 469 2300 mi,
494 2224 745 2289 Londoniensis
762 2226 928 2309 episcopi,
946 2244 1071 2289 munus
1091 2227 1361 2290 consecrationis

409 2324 571 2406 suscepit.

448 2483 608 2565 Sestertio
624 2499 784 2585 definitivo
799 2501 973 2566 Innocentis?
982 2521 1079 2586 popa
1086 2522 1149 2586 pro
1164 2501 1321 2566 manalis

691 2601 927 2665 Cantaurimais
941 2601 1077 2665 ecelesia.

461 2724 564 2789 Circa
579 2726 652 2789 dies
673 2727 759 2789 istos
778 2744 869 2808 papa
886 2725 1111 2788 Innocentius
1132 2725 1360 2807 suffraganeis

410 2823 672 2889 cantuariensis
690 2825 845 2889 ecclesiae
861 2824 1032 2907 episcopis
1051 2826 1258 2887 sententiam
1276 2825 1361 2888 defi-

410 2924 553 2987 nitivam
577 2925 643 2987 sub
665 2924 729 2988 hac
750 2924 860 2988 forma
877 2924 1024 3003 direxit;
1048 2923 1229 3006 ‘Majores
1250 2925 1360 2987 eccle·

410 3023 472 3086 siae
494 3042 618 3086 causas
641 3023 821 3087 adsedem
845 3023 1071 3106 apostolicam
1094 3022 1302 3100 referendas,
1326 3031 1362 3087 et

410 3123 576 3185 canonica
601 3124 707 3187 tradit
730 3124 919 3187 auctoritas
942 3130 977 3186 et
999 3122 1193 3204 approbata
1215 3142 1362 3187 consue-

411 3221 495 3284 tudo
512 3220 677 3286 declarat.
729 3221 817 3286 Cum
844 3223 951 3304 igitur
973 3222 1142 3284 intervos
1164 3230 1200 3285 et
1216 3221 1361 3286 dilectos

350 3339 352 3343 ·
410 3319 500 3382 filios
521 3329 669 3399 nostros,
697 3323 844 3404 priorem
869 3330 904 3385 et
922 3319 1110 3384 monachos
1129 3318 1360 3385 Cantuarien-

409 3419 457 3482 sis
470 3421 636 3498 ecclesiae,
653 3441 757 3504 super
766 3421 846 3506 jure
861 3421 954 3484 illius
967 3419 1216 3502 archiepiscopi
1233 3421 1361 3502 eligen-

409 3518 444 3582 di
467 3522 701 3584 controversia
722 3528 933 3596 verteretur;
958 3520 1228 3602 proponentibus
1248 3522 1360 3597 vobis,

409 3619 514 3701 quod,
527 3627 599 3683 turn
614 3640 659 3683 ex
672 3621 752 3704 jure
767 3621 951 3695 communi,
967 3626 1039 3681 tum
1057 3638 1102 3681 ex
1120 3619 1265 3701 antiqua
1280 3640 1362 3684 con·

408 3720 601 3796 suetudine,
624 3738 791 3784 unacum
818 3720 887 3783 illis
910 3718 1042 3781 debetis
1062 3719 1171 3800 ipsius
1194 3719 1360 3801 archiepi-

446 3899 591 3951 ¹Biennules
599 3897 871 3970 induciae.]Theterms
895 3901 990 3951 needed
1002 3901 1149 3963 Savariam,
1157 3902 1244 3952 whose
1256 3905 1360 3966 epitaph

409 3972 438 4020 os
454 3973 496 4020 the
513 3978 583 4021 truce
602 3988 644 4022 are
667 3973 768 4034 printed
785 3974 811 4021 in
828 3973 870 4022 the
896 3973 918 4019 is
929 3971 988 4020 thus
1001 3973 1074 4033 given
1086 3973 1120 4033 by
1133 3973 1309 4034 Coggeshule:

410 4042 471 4091 llec.
486 4043 532 4092 des
549 4043 619 4091 Hist.
639 4044 701 4091 xvii.
718 4059 744 4105 p.
762 4048 803 4106 60,
819 4044 870 4093 and
895 4042 998 4090 ‘Notus
1011 4057 1067 4091 eras
1084 4042 1187 4103 mundo,
1207 4064 1214 4077 ·
1234 4057 1363 4103 perman·

409 4112 511 4173 Ilynrer,
523 4127 577 4161 new
591 4113 652 4162 edit.
665 4130 690 4175 p.
702 4117 743 4163 95.
965 4112 1026 4160 dum
1037 4127 1136 4174 semper
1147 4110 1241 4174 eundo,

913 4181 945 4228 El
970 4181 1039 4231 necis
1066 4183 1115 4231 ista
1144 4182 1200 4230 dies
1221 4204 1227 4217 ·
1247 4185 1287 4230 est
1316 4183 1362 4231 tibi

442 4241 582 4296 ²decelinus
595 4247 743 4312 ll'ellrnsir]
762 4250 803 4298 Hc
812 4265 868 4299 suc·
966 4252 1046 4313 primu
1058 4247 1219 4313 quies.’-l‘.
1233 4252 1289 4301 104.
