2970 5016
383 478 522 525 rnoans
546 477 815 526 ursronrsnuu.
1017 459 1081 525 133

127 654 324 718 proponens
345 655 408 718 per
427 644 667 718 procuratores
687 656 779 712 suos,
803 655 840 700 se
864 636 951 700 velle
970 636 1079 699 liben·
1092 645 1229 744 fflsslh

129 743 181 796 ter
202 754 280 797 cum
304 754 385 816 rege
410 733 600 817 Anglorum
622 755 839 818 componere,
861 736 915 799 vel
938 755 1000 817 per
1025 736 1078 798 in·
1092 746 1178 786 nana

129 831 248 896 ducias
273 833 356 897 belli
378 834 561 898 discrimen
578 835 622 897 ad
640 842 777 916 tempus
793 834 941 911 differre,
958 843 997 898 ut
1017 855 1081 917 per

128 931 285 996 inducias
304 933 415 1014 ipsius
440 934 649 998 auctoritate
666 933 821 996 firmatas
837 939 938 997 cruce
958 943 1080 997 sancta

129 1031 258 1111 signati
275 1033 456 1114 utriusque
476 1033 574 1113 regni
591 1040 675 1097 vota
699 1051 772 1094 suae
792 1032 1079 1114 peregrinationis

130 1129 206 1193 Deo
235 1130 432 1212 persolvere
454 1139 491 1193 et
509 1138 634 1195 terram
664 1131 902 1213 promissionis
928 1131 973 1193 ab
999 1130 1078 1195 hos-

131 1229 223 1291 tibus
242 1228 408 1292 Crucifixi
427 1229 586 1304 liberare,
603 1229 711 1310 ipsius
729 1237 937 1311 cooperante
952 1230 1080 1310 gratia,

131 1326 345 1407 potuissent3
368 1335 416 1404 et,
434 1335 474 1391 ut
491 1327 556 1392 hoc
579 1328 765 1391 securitate
787 1335 822 1391 et
839 1327 956 1392 stabili
973 1328 1079 1391 firmi-

131 1432 203 1488 tate
228 1425 339 1502 fieret,
364 1426 556 1508 postularit
586 1446 663 1501 rex,
686 1433 725 1488 ut
751 1424 901 1507 aliquem
923 1425 1081 1489 cardina-

129 1523 194 1586 lem
214 1525 465 1589 transmitteret
481 1544 558 1589 oum
579 1530 752 1606 potestate
770 1523 925 1604 plenarie
940 1524 983 1585 ad
1000 1543 1080 1605 par-

132 1632 184 1685 tes
210 1622 411 1700 occidentis,
433 1624 493 1705 qui
518 1630 648 1705 posset,
670 1623 700 1684 si
720 1623 909 1685 necessitas
929 1630 1081 1701 cogeret,

131 1740 192 1802 per
227 1722 435 1785 sententiam
465 1722 520 1786 vel
553 1720 774 1784 interdictum
808 1721 845 1783 in
875 1721 1079 1784 alterutrum

129 1839 249 1883 eorum
280 1819 565 1893 animadvertere,
592 1839 693 1901 quem
724 1819 769 1882 ad
799 1820 1019 1883 concordiam
1046 1828 1083 1882 et

131 1936 251 1998 pacem
268 1919 441 1983 inveniret
460 1919 633 1982 rebellem.
679 1916 748 1979 His
769 1925 804 1981 et
821 1918 897 1981 aliis
913 1918 1031 1981 multis
1046 1917 1081 1981 in

131 2015 223 2080 hunc
247 2016 387 2081 modurn
418 2017 616 2099 propositis,
648 2016 872 2080 Innocentius
896 2035 1000 2098 papa,
1022 2017 1081 2098 qui

133 2115 308 2196 negotium
325 2116 437 2179 crucis
458 2115 643 2197 plurimum
660 2114 858 2191 affectabat,
875 2115 953 2197 plus
971 2117 1083 2197 pretio

132 2232 237 2294 quem
259 2213 419 2296 precibus
441 2214 603 2278 inductus
627 2214 722 2277 misit
740 2212 884 2277 Petrum
901 2214 943 2277 de
961 2214 1083 2295 Capua

132 2312 354 2389 cardinalem,
371 2319 411 2376 ut
432 2332 552 2395 pacem
570 2313 661 2376 inter
683 2331 782 2391 reges
799 2320 1008 2376 memoratos
1027 2331 1082 2375 re·

133 2410 298 2476 formaret
314 2432 323 2488 ;
347 2413 419 2493 qui,
438 2430 516 2475 cum
537 2412 751 2493 pervenisset
775 2411 818 2473 ad
837 2430 953 2492 regem
972 2411 1079 2473 Fran-

134 2528 265 2587 corum,
296 2511 408 2592 ipsius
443 2510 587 2574 oonsilio
614 2511 803 2590 assumpsit
832 2528 947 2572 secum
979 2528 1082 2590 quos-

135 2607 215 2671 dam
244 2609 424 2690 episcopos
452 2609 633 2689 utriusque
661 2608 771 2688 regni,
793 2608 1005 2688 veniensque
1039 2607 1082 2668 ad

136 2725 251 2788 regem
272 2705 466 2789 Anglorum
492 2707 656 2788 exposuit
675 2706 706 2768 ei
729 2711 862 2785 quanta
886 2705 1027 2767 sinistra
1049 2705 1084 2767 in

134 2806 251 2885 regnis
285 2813 510 2886 utrorumque
540 2824 659 2886 regum
693 2802 902 2879 acciderant,
935 2810 1084 2884 quanta·

135 2922 202 2984 que
229 2912 375 2968 ventura
399 2912 499 2966 erant
520 2903 585 2967 nisi
616 2904 708 2966 inter
733 2920 793 2966 eos
821 2921 892 2983 pax
915 2903 1084 2965 maturius

137 3002 341 3066 firmaretur.
407 3000 486 3065 Rex
524 3010 640 3065 autem
675 2999 872 3064 Richardus
908 3001 1084 3082 respondit

136 3119 213 3164 cum
233 3100 483 3182 indignatione,
505 3100 623 3163 dicens
649 3119 686 3163 se
711 3099 853 3182 dejure
878 3120 947 3163 non
975 3099 1083 3163 teneri

138 3219 200 3280 pro
230 3199 307 3282 ipso
338 3217 430 3280 papa
459 3200 644 3280 quicquam
668 3199 793 3274 sacere,
816 3192 983 3263 ¹maxime
1008 3219 1085 3262 cum

137 3298 181 3360 ab
204 3317 246 3362 eo
268 3298 444 3361 multoties
469 3298 667 3379 requisitus,
689 3303 728 3360 ut
750 3316 1011 3378 percensuram
1034 3317 1086 3360 ec-

138 3396 366 3460 clesiasticam
403 3414 519 3477 regem
546 3397 756 3459 Francorum
792 3396 1013 3477 compelleret
1043 3396 1086 3458 ad

141 3493 351 3558 reddendum
367 3494 433 3557 sibi
451 3502 562 3558 terras
580 3514 664 3557 suas
679 3503 715 3557 et
729 3494 885 3570 castella,
903 3490 1087 3576 quae'idem

141 3612 203 3655 rex
231 3593 361 3676 injuste
381 3600 623 3674 occupaverat,
646 3600 764 3675 spreto
777 3592 987 3676 juramento,
1006 3590 1088 3652 dum

142 3692 216 3772 ipse
237 3693 274 3754 in
296 3699 389 3755 terra
411 3692 648 3773 promissionis
667 3692 825 3754 inimicos
843 3691 956 3753 crucis
974 3687 1091 3770 depel-

143 3789 212 3853 lere
230 3798 266 3854 et
284 3789 363 3854 loca
385 3800 508 3853 sancta
524 3790 567 3853 ad
587 3796 716 3852 statum
740 3790 893 3852 debitum
912 3787 1092 3850 studuerat

180 3944 351 4010 ¹Mcxt'me.]
378 3947 433 3995 The
466 3948 607 4009 remaining
633 3947 766 4008 pope‚hae
783 3948 846 3995 been
862 3947 921 3994 here
937 3945 1058 4005 omitted,
1075 3946 1095 3994 it

144 4020 202 4077 part
220 4015 250 4063 os
268 4017 311 4064 the
330 4022 457 4077 sentence,
478 4017 608 4064 ‘maxime
634 4015 709 4064 could
724 4017 793 4077 only,
805 4015 930 4074 however,
942 4015 1005 4063 have
1022 4016 1096 4075 been,

144 4100 202 4133 cum
220 4086 253 4133 ab
264 4100 295 4134 eo
311 4086 439 4133 multoties
456 4080 609 4145 requisitus,
635 4085 679 4133 ‘id
698 4083 780 4133 iacere
798 4084 1000 4145 neglexerat,'or
1013 4084 1097 4132 words

143 4160 201 4213 etc,
216 4154 362 4216 containing
378 4154 420 4203 tlte
441 4168 517 4202 cause
530 4154 559 4202 oi
569 4154 612 4202 lli·
637 4153 689 4201 oin
701 4153 797 4201 similar
808 4152 906 4214 import.

144 4218 243 4272 chard’s
268 4223 425 4284 indignation
448 4224 547 4285 against
569 4223 612 4271 thc
