2970 5016
349 436 351 440 ’
401 450 541 517 rnonns
568 469 838 519 ursronrtnuu.
1029 453 1095 518 129

142 626 273 689 s'anctae
295 625 479 689 Trinitatis
497 624 697 689 Cantuariae
721 620 878 708 ¹propter
900 627 1093 702 ecclesiam,
1107 641 1160 681 Ab·
1173 643 1228 681 ¹¹⁹⁸·

141 744 246 807 quam
276 725 366 788 idem
396 726 674 808 archiepiscopus
704 726 794 808 apud
827 725 1027 789 Lamheiam
1051 726 1093 790 de

142 844 234 888 novo
257 830 513 899 construxerat,
536 825 725 888 timuerunt
747 824 836 887 enim
862 825 1032 901 monachi,
1051 844 1093 888 ne

141 922 258 986 sedem
283 923 366 986 illuc
390 922 623 987 cathedralem
647 923 868 1002 transferret3
902 924 992 987 unde
1022 924 1092 987 Ro-

143 1040 232 1084 mam
259 1021 406 1104 profecti
435 1022 639 1086 Innocentio
668 1041 767 1105 papae
791 1024 972 1105 conquesti
999 1030 1092 1099 sunt,

144 1120 236 1201 quod
268 1120 545 1203 archiepiscopus
577 1128 699 1184 contro
729 1121 881 1185 ordinem
912 1121 1092 1203 dignitatis

145 1213 218 1282 suae
244 1221 386 1300 gerebat
409 1239 446 1284 se
469 1219 700 1303 justiciarium
727 1219 865 1301 Angliae
887 1228 922 1283 et
940 1220 1090 1304 judicem

144 1318 337 1399 sanguinis,
366 1319 417 1382 ita
434 1317 539 1401 quod,
562 1318 699 1381 omissis
721 1319 963 1382 ecclesiasticis
985 1339 1092 1400 nego·

145 1417 216 1493 tiis,
231 1417 444 1481 secularibus
464 1417 541 1499 plus
561 1437 662 1500 aequo
679 1417 880 1480 intendebat
891 1437 899 1495 ;
911 1418 1094 1498 ‚imposue-

146 1523 226 1579 runt
245 1516 388 1598 insuper
411 1517 454 1593 ei,
477 1517 569 1598 quod
595 1537 638 1579 cx
664 1516 756 1578 illius
777 1515 941 1579 mandato
962 1515 1094 1579 violata

144 1614 259 1679 suerat
277 1616 424 1679 ecclesia
445 1622 575 1679 sanctae
596 1614 720 1677 Mariae
740 1614 782 1677 de
801 1613 902 1677 Arois
918 1612 1092 1678 Londoni·

144 1714 249 1789 ensis,
272 1722 308 1778 et
330 1712 527 1777 Willelmns
554 1734 631 1777 cum
659 1713 776 1776 Barba
801 1714 846 1776 ab
870 1712 932 1774 illa
955 1719 1093 1775 extrac-

144 1820 215 1888 tus,
238 1820 274 1876 et
296 1831 462 1895 equorum
482 1812 602 1876 caudis
624 1812 802 1893 alligatus,
826 1817 862 1874 et
880 1830 943 1892 per
961 1811 1094 1893 plateas

145 1911 297 1975 civitatis
317 1911 516 1988 distractus,
539 1912 677 1974 tandem
699 1910 856 1992 patibulo
874 1917 928 1973 ost
950 1930 1094 1991 suspen-

145 2029 228 2088 sus;
252 2011 370 2092 sicque
396 2010 567 2087 monaehi,
591 2010 700 2073 multo
724 2009 849 2073 ibidem
880 2029 948 2073 aere
975 2009 1095 2086 offuso,

145 2108 270 2172 samam
303 2108 552 2192 archiepiscopi
585 2128 653 2172 non
685 2109 901 2173 mediocriter
935 2108 1095 2191 denigra-

144 2208 240 2271 bant.
295 2207 363 2271 His
381 2227 473 2290 papa
488 2209 628 2284 auditis,
645 2208 719 2290 regi
735 2206 930 2288 Anglorurn
948 2207 1043 2272 dedit
1058 2210 1094 2271 in

146 2306 330 2383 mandatis,
352 2314 525 2389 quatenus
547 2307 677 2383 statim,
696 2307 780 2370 visis
801 2306 923 2382 literis,
939 2309 1004 2370 sub
1021 2328 1095 2390 poe·
1166 2376 1168 2380 Α

147 2424 192 2468 na
214 2405 385 2469 interdicti
408 2405 590 2488 praefatum
613 2405 907 2487 archiepiscopum
928 2406 970 2466 ab
986 2406 1096 2470 officio

142 2503 328 2587 justiciarii
354 2513 557 2581 removeret,
590 2505 764 2587 praecipue
789 2524 866 2568 cum
897 2522 965 2566 non
994 2504 1097 2567 liceat

146 2603 319 2685 episcopis
346 2604 494 2685 negotiis
514 2603 727 2667 secularibus
750 2602 931 2684 implicari.
968 2601 1097 2666 Amoto

147 2702 254 2782 igitur
282 2703 553 2785 archiepiscopo,
578 2722 639 2766 rex
665 2701 860 2765 Richardus
882 2700 958 2764 loco
988 2701 1097 2785 ipsius

148 2800 355 2865 Gaufridum
378 2801 602 2866 tilium-Petri
625 2800 838 2882 subrogavit.

191 2974 240 3038 Dc
248 2975 361 3060 praelio
376 2976 540 3060 campestri
555 2976 636 3039 inter
652 2974 769 3061 Anybs
784 2985 812 3039 et
829 2974 1004 3052 Wolhnros,
1020 2976 1055 3038 in

431 3096 489 3159 quo
514 3075 606 3138 inulti
623 3083 812 3138 cernerent.

201 3189 348 3259 Eodem²
376 3204 544 3279 tempore,
571 3216 652 3277 rege
682 3196 859 3262 Richardo
884 3199 918 3260 in
941 3198 1098 3279 partibus
1113 3210 1191 3300 mn

149 3295 389 3358 transmarinis
421 3314 551 3359 moram
583 3296 742 3371 faciente,
771 3295 962 3359 Gauiridus
994 3298 1099 3360 iilius-
1185 3288 1189 3297 ’

150 3393 259 3469 Petri,
283 3392 421 3475 Angliae
445 3394 771 3478 protojusticiarius‚
795 3413 921 3475 magno
945 3397 1099 3459 exercitu

149 3501 374 3573 congregato,
395 3492 570 3575 profectus
588 3494 693 3556 estin
711 3493 873 3557 Walliam
894 3493 936 3555 ad
960 3512 1099 3556 succur-

149 3590 294 3653 rendum
324 3591 519 3656 bominibus
552 3592 717 3655 Willelmi
753 3592 796 3655 de
835 3593 981 3667 Brause,
1013 3610 1100 3673 quos

150 3688 380 3766 Wenunwen,
410 3711 472 3755 rex
498 3691 650 3768 Walliae,
683 3691 864 3754 obsederat
891 3691 927 3752 in
957 3690 1100 3753 castello

149 3787 330 3867 Matildis;
355 3808 424 3870 quo
441 3810 517 3856 cum
535 3790 759 3872 pervenisset,
776 3796 968 3871 campestre
985 3788 1100 3870 praeii-

148 3907 205 3949 um
232 3888 414 3952 commisit.
460 3889 657 3953 Wallenses
682 3909 764 3952 vero
787 3886 913 3970 Angiis
942 3888 1101 3951 resistere

149 4026 416 4033 ——-—-—--—--
435 4023 1055 4033 ———-—-——————-———-.

185 4087 313 4154 ¹Propter
326 4084 478 4158 eccleciam]
496 4091 544 4139 See
560 4089 616 4138 Ho-
641 4089 684 4137 the
708 4088 863 4136 destruction
885 4087 914 4134 of
933 4087 975 4136 the
998 4088 1101 4137 ehurch.

151 4160 242 4221 reden,
261 4176 306 4222 pp.
323 4164 382 4222 779,
398 4175 473 4224 seqq„
491 4159 548 4208 who
570 4159 617 4209 has
678 4154 784 4206 'Eodem
796 4157 919 4219 tempora]
937 4157 1103 4207 Aimostver-

148 4230 204 4279 aito
226 4230 301 4292 given
324 4228 367 4278 the
389 4225 476 4292 pope's
502 4230 556 4278 buu
578 4228 617 4278 ior
643 4228 719 4277 batim
732 4226 795 4276 irum
807 4225 942 4287 Heroden,
953 4242 978 4287 p.
990 4231 1048 4276 ⁷⁸1.

200 4321 278 4369 VOL.
299 4320 353 4367 ΙΙΙ.
929 4319 949 4364 K
