2970 5016
185 649 241 689 Ab.
253 649 308 689 iaia.

183 700 277 740 crunon

346 460 413 524 268
602 476 736 523 nouum
761 477 808 522 nu
831 476 1037 525 wunnovun

348 633 459 709 fortis,
483 639 597 695 castra
623 637 800 695 moventes
828 631 1074 711 disposuerunt
1100 624 1298 694 'Biternen-

347 751 419 795 sem
436 730 531 794 adire
545 738 580 795 et
596 749 797 812 expugnare
813 730 1004 808 civitatem
1022 729 1095 806 sed,
1111 737 1296 812 antequam

347 828 391 893 ad
409 830 504 893 illam
522 830 690 906 venirent,
708 829 838 892 domini
860 828 1075 910 quorundam
1093 836 1297 906 castrorum,

347 936 513 1011 tanquam
542 929 630 991 male
655 928 721 992 sibi
749 928 890 1004 conscii,
913 936 994 991 ante
1016 928 1139 991 faciem
1167 929 1296 991 exerci-

347 1035 404 1092 tus
436 1027 669 1110 aufugeruut3
693 1027 819 1090 milites
848 1034 1045 1108 quoquest
1069 1027 1193 1108 reliqui
1216 1027 1296 1090 fide-

346 1127 397 1191 les
415 1127 600 1190 eorundem
624 1134 829 1202 castrorum,
851 1124 896 1189 ad
922 1124 1111 1189 exercitum
1134 1133 1295 1208 tanquam

347 1226 509 1290 catholici
525 1225 730 1290 fiducialiter
751 1225 966 1302 accedentes,
982 1244 1021 1288 se
1038 1232 1074 1288 et
1090 1244 1157 1288 sua
1173 1227 1296 1308 etipsa

348 1333 465 1389 castra
492 1324 661 1388 dederunt
682 1325 718 1387 iu
742 1343 865 1387 manus
888 1325 1238 1404 crucesignatorum,
1264 1333 1296 1388 et

346 1424 383 1486 in
405 1423 526 1505 vigilia
552 1424 664 1487 beatae
694 1423 818 1487 Mariae
842 1422 1064 1504 Magdalenae
1084 1423 1296 1487 tradiderunt

348 1522 484 1587 cuidam
506 1522 674 1587 monacho
699 1522 814 1586 nobile
830 1528 982 1585 castrum
1001 1520 1232 1600 Cermauniae,
1248 1524 1296 1586 fu-

348 1622 465 1703 giente
492 1621 642 1698 domino,
667 1622 723 1684 cui
747 1620 895 1703 plurima
919 1629 1047 1698 castra,
1075 1628 1111 1684 et
1132 1623 1211 1703 ipsa
1238 1622 1296 1686 ad·

349 1721 486 1784 modum
525 1720 640 1797 fortia,
681 1720 935 1803 appendebant.
1007 1719 1296 1802 Significaverunt

350 1828 465 1883 autem
488 1819 621 1882 civibus
646 1819 906 1883 Biternensibus
935 1838 997 1901 per
1023 1820 1224 1902 episcopum
1250 1822 1296 1884 ci·

350 1919 471 1983 vitatis
495 1919 560 1982 sub
586 1936 691 2001 poena
709 1918 1084 1993 excommunicationis,
1100 1926 1140 1981 ut
1157 1919 1200 1982 de
1216 1919 1297 1983 duo-

350 2017 415 2080 bus
439 2017 587 2081 alterum
611 2017 792 2097 eligerent,
817 2024 856 2080 ut
879 2017 1053 2080 traderent
1076 2016 1210 2082 scilicet
1230 2019 1297 2082 hae-

349 2116 476 2179 reticos
503 2123 539 2179 et
556 2117 648 2178 bona
670 2135 788 2178 eorum
811 2116 846 2178 in
872 2134 995 2179 manns
1017 2135 1118 2179 cruce
1142 2115 1295 2199 signato·

349 2233 446 2292 rum3
473 2221 520 2290 et,
540 2215 570 2276 si
593 2213 658 2277 hoc
677 2233 747 2277 nou
767 2221 921 2296 possent,
937 2215 1091 2278 facerent
1106 2223 1146 2279 ut
1163 2216 1297 2280 exirent

348 2311 523 2376 demedio
547 2331 678 2388 eorum,
699 2313 852 2395 alioquin
874 2321 990 2377 esseut
1008 2317 1296 2380 excommunicati

349 2418 385 2474 et
410 2411 554 2493 sanguis
580 2431 697 2475 eorum
724 2431 829 2494 super
854 2413 970 2494 capita
998 2432 1128 2477 eorum.
1196 2413 1296 2492 Quod

348 2510 414 2594 ipsi
445 2511 558 2574 facere
585 2517 844 2575 contemnentes
871 2510 1096 2575 confoederati
1119 2531 1199 2575 cum
1228 2514 1297 2578 hae·

348 2609 464 2674 reticis
485 2611 692 2694 Juraverunt
711 2610 777 2674 sibi
804 2617 924 2674 mutuo
948 2610 991 2674 de
1014 2611 1158 2675 civitate
1183 2611 1296 2677 defen-

348 2708 473 2787 denda,
491 2717 538 2787 et,
555 2710 622 2773 fide
639 2716 818 2791 concepta,
835 2718 1062 2792 speraverunt
1078 2711 1170 2791 quod
1190 2712 1297 2775 insul-

350 2817 422 2871 tum
442 2828 543 2871 cruce
566 2809 779 2890 signatorum
803 2816 947 2890 possent
963 2828 1025 2889 per
1050 2809 1196 2872 multum
1215 2819 1298 2874 tem·

349 2907 443 2988 poris
465 2908 646 2971 sustinere.
700 2906 854 2970 Obsessa
873 2908 981 2989 igitur
998 2908 1140 2971 civitate
1158 2910 1192 2971 in
1209 2910 1296 2975 festo

347 3012 478 3068 sanctae
501 3006 624 3068 Mariae
647 3005 880 3087 Magdalenae,
896 3013 1135 3071 tractaverunt
1152 3008 1297 3073 barones

348 3104 391 3165 de
415 3103 618 3168 liberatione
647 3125 777 3179 eorum,
807 3107 866 3187 qui
895 3113 994 3169 erant
1022 3107 1183 3170 catholici
1209 3110 1297 3173 inter

349 3220 433 3280 cos3
465 3203 524 3265 sed
552 3203 675 3266 ribaldi
699 3205 838 3268 interim
863 3213 897 3267 et
917 3204 1003 3268 viles
1032 3225 1202 3287 personae,
1229 3228 1295 3272 non

349 3310 551 3383 exspectato
576 3303 767 3385 principum
798 3304 962 3366 mandato
987 3304 1042 3367 vel
1070 3305 1297 3384 ordinatione,

349 3400 504 3465 fecerunt
534 3403 699 3465 insultum
733 3403 767 3464 in
802 3403 992 3478 civitatem,
1027 3410 1062 3466 et
1092 3405 1296 3471 mirantibus

350 3500 568 3577 Christianis,
589 3501 671 3564 dum
698 3501 906 3564 clamaretur
928 3502 971 3564 ad
996 3520 1104 3579 arma,
1126 3504 1296 3569 exilienti-

350 3599 413 3661 bus
434 3599 590 3662 fidelibus
613 3600 765 3681 undique
788 3600 832 3663 ad
852 3600 1029 3676 insultum,
1057 3601 1108 3664 illi
1127 3601 1171 3665 de
1192 3605 1296 3682 intus,

349 3699 408 3779 qui
426 3718 542 3760 muros
563 3698 806 3776 defendebant,
822 3699 945 3762 librum
961 3700 1221 3780 evangeliorum
1238 3724 1296 3766 ex·

350 3806 404 3860 tra
418 3817 532 3860 muros
546 3797 776 3880 projecerunt,
792 3798 1069 3881 blasphemantes
1085 3820 1209 3865 nomen
1229 3803 1298 3867 Do-

348 3897 432 3959 mini
456 3905 491 3960 et
513 3897 745 3960 assilientibus
767 3898 995 3976 insultantes3
1021 3898 1163 3977 ‘Ecca'
1186 3902 1297 3984 inqui-

348 4005 424 4072 unt,
442 3997 518 4058 ‘lex
537 4004 664 4070 vostra,
681 4017 750 4059 non
770 4016 931 4060 curamus
949 3998 991 4061 de
1009 4018 1071 4076 ea;
1097 4008 1214 4064 vestra
1230 4002 1296 4065 sit.¹

394 4166 619 4238 'Biternensem,]
643 4171 681 4220 sor
705 4172 807 4220 ‘Biter·
834 4173 918 4221 others
935 4171 999 4221 huve
1020 4173 1247 4238 *bituricensem
1262 4179 1298 4227 ior

348 4243 464 4304 rensem,’
481 4257 515 4298 or¹
527 4242 646 4302 lleziers;
665 4242 739 4290 Paris
757 4242 807 4290 aud
837 4242 960 4304 bourges.
