2970 5016
460 493 599 542 riorus
623 493 893 542 ursronrrruu.
1088 479 1155 543 339

200 653 314 723 erunt,
335 645 426 708 unde
446 646 602 727 capitulo
627 646 836 710 Eboracensi
858 648 997 728 scripsit
1019 649 1055 711 in
1077 649 1152 713 baec
1165 666 1289 707 alr-urs.

200 745 330 823 verba3

250 849 261 877 ‘
279 843 504 909 Innocentius
521 843 717 926 episcopus,
733 851 768 908 at
784 851 922 907 caetera.
969 844 1056 908 Cum
1079 864 1152 910 ma·
1164 871 1286 913 tenear·

199 942 308 1023 gister
322 942 441 1006 Simon
458 943 500 1005 de
519 942 736 1022 Langetona,
751 962 829 1006 cum
848 944 1054 1025 quibusdam
1071 946 1149 1010 aliis
1162 922 1301 1022 iffidii‘

199 1042 375 1104 canonicis
400 1041 690 1116 Eboracensibus,
718 1041 754 1103 in
776 1049 896 1104 nostra
921 1062 1031 1123 nuper
1056 1020 1304 1110 essetbllm‘h‘·

198 1140 385 1220 praesentia
414 1138 637 1213 constitutus,
666 1157 729 1201 nos
759 1139 791 1202 ei
822 1140 904 1204 viva
933 1158 1016 1203 voce
1043 1142 1150 1205 inter-

199 1236 364 1315 diximus,
397 1256 441 1301 ne
478 1238 522 1301 ad
557 1238 781 1300 obtinendum
814 1238 1148 1321 archiepiscopatum

201 1335 452 1399 Eboracenscm
479 1335 683 1410 intenderet,
707 1336 791 1417 quia
813 1336 847 1398 id
874 1338 977 1401 certis
997 1357 1043 1400 ex
1063 1356 1146 1402 cau-

200 1433 248 1496 sis
271 1435 409 1498 minime
431 1444 640 1516 pateremur,
660 1441 695 1497 ct
716 1435 790 1515 ipse
810 1436 960 1515 quidem,
978 1445 1146 1517 quantum

198 1533 313 1595 verbis
337 1533 522 1615 expressit,
549 1532 629 1594 huic
658 1533 779 1596 annuit
804 1541 1025 1611 reverenter;
1055 1535 1147 1598 unde

198 1630 316 1694 mirari
333 1632 490 1712 cogimur
507 1636 542 1694 ct
558 1631 700 1706 moveri,
719 1631 749 1693 si
766 1632 881 1713 ipsum
902 1632 1045 1696 ambitio
1059 1636 1147 1697 adeo

198 1730 439 1805 excaecaverit,
462 1736 502 1792 ut
519 1748 596 1792 cum
616 1729 720 1792 sciret
737 1748 774 1791 se
793 1737 874 1811 post
893 1738 1046 1794 nostram
1065 1752 1145 1814 pro·

197 1826 398 1891 bibitionem
416 1835 451 1891 et
468 1846 568 1890 suam
587 1827 848 1907 promissionem
868 1847 1069 1910 expressam
1084 1830 1146 1894 eli·

197 1927 299 2006 gide
322 1925 404 2009 jure
429 1945 498 1988 non
526 1944 641 2006 posse,
668 1926 698 1987 si
721 1926 785 1988 tali
808 1927 1008 2007 praestiterit
1030 1927 1147 1991 electi·

197 2024 254 2086 oni
279 2042 497 2100 consensum,
519 2042 635 2105 quarn,
659 2023 754 2086 nullo
782 2024 851 2087 alio
877 2025 1146 2102 contradicente,

197 2141 260 2185 nos
282 2122 414 2186 irritam
439 2121 653 2186 haberemus.
706 2121 787 2199 Sed,
807 2142 851 2186 ue
876 2121 941 2186 bac
964 2123 1145 2188 occasione

195 2221 258 2284 fiat
287 2221 324 2284 iu
357 2219 488 2302 Anglia
521 2221 730 2284 novissimus
762 2241 859 2285 error
891 2221 990 2305 pejor
1018 2222 1144 2304 priore,

197 2319 254 2382 vel
274 2319 501 2383 Eboraceusis
523 2319 669 2383 ecclesia
691 2319 821 2383 diutius
843 2328 983 2384 maneat
1005 2329 1144 2402 pastore

198 2416 354 2493 viduata,
370 2417 412 2480 de
424 2419 597 2481 communi
612 2417 757 2481 fratrum
776 2427 971 2481 nostrorum
986 2419 1143 2496 consilio,

196 2535 258 2598 per
275 2515 468 2597 apostolica
485 2516 583 2579 vobis
605 2516 736 2597 scripta
752 2514 983 2597 praecipiendo
1002 2516 1145 2579 manda·

197 2633 286 2689 mus,
307 2621 343 2677 et
369 2615 406 2677 in
428 2615 558 2678 virtute
582 2613 788 2677 obedientiae
809 2613 965 2677 districte
987 2614 1144 2695 praecipi-

199 2731 287 2788 mus,
309 2719 482 2794 quatenus
505 2710 673 2775 electione
695 2710 891 2793 hujusmodi
910 2731 981 2774 non
1000 2713 1143 2775 obstan·

201 2817 246 2885 te,
268 2830 346 2874 cum
368 2810 573 2874 insolentias
598 2817 633 2873 et
654 2809 926 2873 machinationes
945 2809 1143 2892 hujusmodi

198 2908 368 2972 sustinere
399 2908 559 2971 nolumus
592 2927 654 2971 nec
684 2908 860 2984 debemus,
891 2909 985 2971 omni
1014 2910 1144 2972 occasi-

197 3026 263 3070 one
291 3026 333 3071 ac
360 3007 647 3087 tergiversatione
677 3007 905 3082 cessantibus,
936 3006 1072 3089 aliquos
1098 3024 1143 3070 ex

196 3105 294 3168 vobis
322 3124 400 3168 cum
425 3106 598 3168 communi
625 3106 717 3170 omni
740 3111 913 3187 potestate
935 3105 980 3168 ad
1008 3106 1143 3169 instans

196 3203 377 3267 concilium
411 3202 603 3277 destinetis,
638 3204 697 3286 qui
727 3203 851 3266 saltem
883 3222 993 3285 usque
1023 3203 1143 3268 kalen·

195 3301 258 3364 das
286 3301 495 3365 Novembris
521 3309 642 3365 nostro
668 3319 707 3365 se
734 3301 933 3383 conspectui
955 3320 1144 3381 repraesen-

196 3406 283 3475 tent,
319 3419 502 3482 personam
535 3400 694 3464 idoneam
731 3418 808 3462 cum
846 3405 966 3462 nostro
1000 3399 1143 3463 electuri

195 3498 250 3561 vel
268 3498 475 3580 postulaturi
492 3499 635 3562 consilio
654 3499 691 3561 in
707 3505 903 3579 pastorem;
928 3496 1081 3577 alioquin
1097 3515 1143 3559 ex

196 3602 279 3660 tunc
301 3616 364 3660 nos
390 3597 457 3677 ipsi
480 3597 676 3660 curabimus
703 3596 746 3659 de
775 3597 898 3659 idoneo
923 3594 1021 3658 vobis
1054 3614 1143 3676 prae·

194 3695 270 3758 sule
308 3694 502 3777 providere,
536 3695 821 3769 contradictoresr,
850 3694 880 3756 si
911 3692 970 3775 qui
1001 3693 1142 3770 suerint,

193 3793 250 3856 vel
270 3793 429 3868 rebelles,
448 3813 510 3875 per
533 3793 780 3857 districtionem
801 3792 1002 3855 canonicam
1030 3792 1142 3871 gravi·

192 3899 247 3954 ter
269 3891 435 3974 punituri.
489 3891 525 3955 Si
545 3910 628 3955 vero
652 3890 818 3974 praelatus
840 3888 959 3953 Simon
983 3889 1142 3953 electioni

193 3988 236 4052 de
260 4009 298 4053 se
321 3989 422 4053 lactae
441 3991 627 4066 consensit,
650 4009 714 4054 nos
736 3990 772 4052 in
795 4008 935 4071 poenam
960 4006 1034 4051 suae
1054 4007 1143 4070 prae-

191 4089 397 4169 sumptionis
428 4089 627 4164 statuimus,
653 4095 693 4151 ut
717 4087 916 4167 ineligibilis
946 4086 1008 4149 fist
1030 4106 1073 4149 ne
1099 4086 1141 4148 de

989 4207 1036 4252 Η
