2970 5016
459 465 598 514 rienes
621 465 890 515 uraroamuuu.
1085 452 1151 516 255

195 623 217 688 J
221 623 388 701 ohannes,
406 624 473 688 Dei
489 625 604 706 gratia
620 643 683 688 rex
698 624 836 705 Angiiae
852 634 888 688 et
904 625 1063 689 dominus
1081 625 1149 688 Hi-
1162 642 1216 682 aa·
1230 644 1284 682 ¹21³.

196 724 336 799 herniae,
352 725 396 787 ab
419 724 485 787 bac
507 724 594 788 hora
615 723 703 788 etin
727 731 832 787 autea
855 724 966 787 tidelis
988 743 1048 788 ero
1071 724 1150 788 Deo

196 831 232 884 et
251 823 353 885 beato
375 822 481 886 Petro
503 829 539 885 et
561 822 716 886 ecclesiae
746 822 928 898 Romanae,
951 830 987 886 et
1010 823 1150 887 domino

197 940 273 985 meo
293 940 395 1002 papae
417 921 557 985 domino
579 920 785 984 Innocentio
809 921 953 1003 ejusque
974 941 1149 985 successo·

196 1020 291 1082 ribus
322 1019 491 1083 catholice
517 1019 737 1083 intrantibus.
793 1017 876 1082 Non
902 1038 961 1083 ero
985 1021 1021 1083 in
1043 1020 1148 1097 facto,

196 1118 232 1181 in
249 1118 355 1193 dicto,
373 1137 543 1182 consensu
559 1118 616 1182 vel
638 1116 794 1193 consilio,
813 1125 853 1181 ut
871 1119 977 1182 vitam
1001 1119 1149 1200 perdant

199 1216 252 1279 vel
272 1217 437 1292 membra,
456 1216 514 1280 vel
537 1216 630 1279 mala
648 1216 807 1298 captione
835 1217 1028 1299 capiantur.
1080 1217 1150 1283 Eo·

198 1335 274 1377 rum
296 1315 470 1391 damnum,
488 1314 519 1377 si
541 1315 687 1391 scivero,
709 1314 892 1397 impediam
919 1325 955 1379 et
971 1335 1148 1381 remanere

196 1413 320 1476 faciam
338 1413 368 1476 si
385 1422 529 1496 potero3
553 1414 708 1494 alioquin
725 1415 775 1476 eis
786 1433 892 1495 quam
904 1415 1006 1479 citius
1024 1422 1147 1496 potero

197 1513 376 1590 intimabo,
391 1513 449 1578 vel
466 1513 530 1577 tali
549 1532 706 1594 personae
726 1513 852 1588 dicam,
872 1532 974 1594 quam
1001 1513 1051 1576 eis
1073 1533 1147 1577 cre-

197 1611 277 1674 dam
305 1620 485 1693 procerte
507 1611 698 1689 dicturam3
730 1612 924 1688 consilium,
947 1611 1040 1693 quod
1063 1612 1146 1677 mibi

197 1710 403 1774 crediderint
423 1730 486 1793 per
505 1730 543 1774 se
560 1710 617 1775 vel
641 1729 703 1793 per
719 1711 859 1774 nuntios
881 1730 963 1774 suos
987 1730 1049 1774 seu
1069 1711 1146 1775 lite·

196 1828 254 1872 ras
271 1828 366 1886 suas,
387 1816 557 1873 secretum
575 1810 712 1885 tenebo,
734 1809 830 1873 etad
849 1829 966 1873 eorum
983 1809 1146 1872 damnum

198 1908 283 1970 nulli
311 1909 473 1989 pandam,
506 1928 561 1972 me
583 1909 750 1988 sciente3
783 1909 1026 1990 patrimonium
1053 1909 1146 1973 beati

200 2006 308 2083 Petri,
330 2016 366 2072 et
387 2007 585 2090 specialiter
610 2027 756 2089 regnum
782 2005 922 2089 Angiiae
944 2015 980 2071 et
1002 2027 1145 2090 regnum

199 2104 389 2182 Hiberniae,
412 2106 552 2189 adjutor
572 2126 632 2170 ero
648 2106 692 2170 ad
715 2106 899 2170 tenendum
914 2115 948 2170 et
963 2106 1147 2170 defenden-

198 2204 280 2267 dum
293 2212 415 2269 contra
431 2224 550 2269 omnes
569 2205 724 2269 homines
746 2224 810 2287 pro
832 2224 934 2287 posse
948 2225 1036 2269 meo.
1089 2205 1146 2270 Sic

198 2323 254 2367 me
269 2303 413 2386 adjuvet
427 2305 523 2367 Deus
540 2311 576 2367 et
590 2303 664 2367 haec
677 2312 801 2368 sancta
817 2304 1010 2385 evangelia,
1022 2305 1146 2369 amen.’

198 2400 293 2466 Acta
308 2409 423 2465 antem
440 2409 523 2465 sunt
545 2402 631 2479 baec,
646 2411 686 2466 nt
708 2402 912 2484 praedictum
926 2413 991 2478 est,
1006 2404 1042 2466 in
1058 2404 1147 2484 vigi·

196 2500 245 2564 lia
261 2501 453 2565 Dominicae
468 2501 692 2577 ascensionis,
713 2502 942 2582 praesentibus
963 2501 1146 2584 episcopie,

197 2600 382 2663 comitibus
408 2607 444 2663 et
467 2600 688 2681 magnatibus
714 2598 933 2680 supradictis.
986 2599 1147 2665 Instabat

196 2708 313 2762 autem
324 2698 398 2761 dies
408 2697 619 2762 ascensionis
632 2698 775 2762 Domini
787 2697 823 2760 in
836 2698 998 2774 crastino,
1008 2697 1145 2762 futurus

198 2817 267 2861 non
284 2797 396 2860 solum
411 2798 498 2879 regi,
513 2797 574 2860 sed
587 2806 623 2861 et
639 2797 716 2860 aliis
732 2796 890 2859 omnibus
907 2804 978 2859 tam
994 2797 1146 2860 absenti-

198 2897 264 2959 bus
286 2915 391 2978 quam
418 2896 659 2977 praesentibus,
678 2895 780 2958 nimis
803 2902 986 2976 suspectus
1006 2903 1147 2977 propter

196 2995 407 3058 assertiones
434 2994 529 3058 Petri
558 2994 746 3070 heremitae,
780 2993 852 3075 qui,
879 3000 919 3057 ut
944 2993 1145 3075 praedictum

197 3101 264 3169 est,
279 3093 389 3156 eidem
403 3093 477 3175 regi
495 3094 775 3175 prophetaverat,
790 3092 883 3174 quod
898 3093 934 3155 in
955 3091 1008 3156 die
1025 3111 1145 3156 asceu-

196 3191 304 3255 sionis
314 3191 469 3268 Domini,
478 3211 541 3255 nec
552 3192 725 3274 deinceps,
735 3197 811 3254 erat
825 3212 887 3255 rex
901 3191 1053 3268 suturus;
1072 3193 1145 3270 sed,

195 3309 274 3353 cum
289 3289 379 3353 diem
396 3291 577 3373 praefixum
593 3310 699 3354 sanus
717 3298 753 3354 et
769 3291 950 3353 incolumis
972 3292 1145 3372 praeteris·

194 3399 261 3465 set,
280 3388 422 3452 Petrum
445 3389 640 3472 praefatum,
653 3390 713 3471 qui
732 3390 769 3452 in
790 3389 934 3453 castello
948 3388 991 3452 de
1005 3388 1094 3452 Corf
1109 3391 1145 3453 iu

197 3488 344 3551 vinculis
377 3489 570 3567 tenebatur,
599 3489 708 3572 jussit
734 3507 796 3551 rex
828 3486 947 3551 caudis
979 3506 1144 3568 equorum

196 3586 378 3668 alligatum
412 3587 455 3650 ad
488 3587 606 3652 viliam
640 3588 683 3651 de
711 3586 880 3651 Warbam
918 3605 978 3666 per
1010 3585 1144 3667 plateas

193 3684 287 3748 trahi
316 3694 352 3748 et
377 3685 504 3749 ibidem
529 3706 605 3750 cum
633 3686 705 3750 filio
733 3685 886 3768 ejusdem
917 3683 1014 3747 Petri
1039 3677 1145 3765 ¹pati-

193 3785 276 3847 bulo
299 3785 486 3866 suspendi3
517 3785 607 3848 uude
622 3785 740 3848 multis
756 3783 938 3846 videbatur
963 3782 1142 3861 indignum

192 3883 284 3965 quod
309 3892 381 3946 tam
403 3884 533 3947 crudeli
555 3893 665 3947 morte
686 3902 749 3965 pro
772 3881 962 3945 assertione
987 3881 1143 3944 veritatis

229 4082 366 4133 'Putibato
385 4082 524 4148 suspendi]
544 4083 657 4132 ‘Petrus
683 4082 877 4141 vaticinabatur,
884 4082 1004 4142 ipsorege
1011 4079 1144 4128 mandante

191 4157 225 4205 de
237 4153 410 4215 Pentetraeto,
420 4154 464 4214 qui
479 4155 505 4201 iu
521 4167 606 4214 regem
619 4152 657 4201 nl·
683 4165 823 4212 suspensus
834 4152 894 4211 est3'
905 4149 1074 4212 Coggabata,
1082 4150 1145 4198 Rec.

192 4227 272 4274 terius
294 4238 343 4271 nou
362 4229 525 4285 regnaturum
546 4223 579 4271 ab
596 4223 656 4271 olim
682 4221 729 4270 des
742 4221 811 4271 Hist.
823 4221 895 4271 xviii.
908 4223 965 4269 106.
