2970 5016
450 478 591 528 ruonns
614 479 888 531 nrsronrnnuu.
1075 471 1142 535 223

235 684 277 748 Ut
293 707 348 749 ren
363 685 520 750 Iohannes
534 684 568 751 od
585 709 713 751 causam
728 688 888 752 interdicti
904 690 1008 754 ontnio
1025 689 1103 756 dono

418 785 598 850 clericorum
605 787 721 870 fecerit
735 789 907 870 confiscari.

248 906 329 971 Rex
359 907 468 991 igitur
494 906 690 989 Anglorum
721 911 764 973 ob
796 929 937 975 causam
968 911 1141 977 interdicti

191 1014 306 1070 mente
331 1007 432 1069 nimis
454 1006 618 1070 confusus
641 1008 735 1071 misit
758 1010 976 1073 vicecomites
1001 1031 1084 1075 suos
1106 1022 1141 1077 ct

191 1103 278 1168 alios
294 1105 489 1187 iniquitatis
505 1105 682 1169 ministros
697 1106 733 1169 iu
755 1127 874 1170 omnes
889 1108 976 1172 fines
989 1107 1141 1192 Angliae,

193 1203 398 1285 praecipiens
426 1211 498 1268 tam
529 1204 683 1286 praelatis
712 1206 859 1286 singulis
889 1227 993 1290 quam
1022 1228 1141 1273 eorum

192 1302 359 1384 subjectis
381 1322 459 1366 cum
483 1304 749 1368 comminatione
777 1304 936 1382 terrifica,
959 1314 998 1370 ut
1023 1307 1143 1372 incon·

194 1401 345 1464 tinenter
373 1420 395 1464 a
425 1421 532 1482 reguo
563 1403 699 1466 exirent
728 1410 763 1467 et
786 1422 892 1484 super
919 1404 984 1468 hae
1013 1406 1142 1489 injuria

194 1506 353 1580 peterent
371 1500 438 1563 sibi
456 1520 478 1563 a
500 1519 592 1582 papa
608 1499 782 1583 justitiam
803 1501 983 1581 exbiberi3
1007 1506 1140 1587 episco-

193 1607 297 1679 patus
325 1600 477 1680 insuper,
500 1600 670 1674 abbatias,
696 1600 870 1682 prioratus
890 1602 955 1663 sub
974 1601 1140 1666 laicorum

192 1697 351 1761 custodia
381 1697 552 1779 deputans
580 1698 760 1763 universos
787 1697 941 1763 redditus
962 1700 1143 1765 ecelesias-

195 1796 282 1859 ticos
307 1795 489 1860 confiscari
510 1797 688 1878 praecepit,
711 1796 772 1859 sed
796 1798 832 1859 in
860 1797 925 1862 boc
954 1799 1019 1861 sibi
1041 1809 1142 1863 caute

194 1895 451 1976 prospiciebant
480 1894 617 1977 praelati
646 1894 855 1974 generaliter
884 1915 1002 1959 omnes
1035 1900 1142 1961 totius

195 1991 302 2073 regni,
321 1992 414 2074 quod
430 1991 474 2055 de
496 1994 714 2057 monasteriis
736 1993 809 2056 suis
830 1994 926 2060 exire
947 1995 1142 2072 noluerunt,

193 2090 261 2153 nisi
290 2110 352 2173 per
373 2090 572 2154 violentiam
598 2091 875 2172 expellerentur;
907 2094 1098 2175 quodcum
1122 2114 1144 2158 a

191 2189 296 2269 regiis
311 2189 477 2252 ministris
491 2189 613 2252 fuisset
629 2199 854 2272 compertum,
877 2191 1063 2256 noluerunt
1078 2193 1143 2256 ali·

195 2286 251 2350 cui
275 2287 431 2369 ingerere
450 2287 664 2364 violentiam,
686 2289 777 2352 sicut
804 2309 865 2352 nec
897 2309 919 2352 a
942 2310 1023 2371 rego
1052 2311 1141 2374 prae-

194 2391 331 2467 ceptum
371 2385 576 2461 babuerunt,
613 2385 673 2449 sed
702 2388 795 2450 bona
821 2407 939 2451 eorum
966 2391 1082 2452 omnia
1106 2390 1141 2452 in

1153 926 1209 967 Am.
1220 928 1276 966 llos.

1155 977 1254 1026 Property
1263 977 1287 1016 ot

1153 1028 1190 1066 the
1199 1028 1268 1076 elerry

1153 1077 1286 1116 conssmted.

194 2503 279 2547 usus
304 2484 395 2564 regis
421 2492 663 2548 convertentes
689 2486 819 2549 victum
844 2486 894 2548 eis
918 2494 953 2549 et
978 2488 1142 2551 vestitum
1212 2509 1216 2519 ·

192 2575 311 2666 parce¹
337 2601 382 2645 ex
405 2584 507 2646 rebus
534 2583 681 2665 propriis
699 2583 952 2647 ministrabant.
1005 2584 1144 2649 Horrea

193 2681 407 2757 clericorum,
435 2699 516 2762 rege
533 2681 690 2764 jubente,
713 2682 873 2745 obserata
905 2690 987 2745 sunt
1015 2685 1143 2765 ubique

193 2778 290 2844 etad
308 2780 523 2843 commodum
548 2779 620 2844 fisci
647 2780 834 2859 distracta3
863 2783 1143 2864 presbyterorum

195 2889 231 2942 et
243 2878 444 2941 clericorum
465 2878 604 2942 socariae
627 2899 689 2961 per
711 2886 821 2942 totam
848 2877 1012 2961 Angliam
1035 2899 1057 2943 a
1078 2882 1142 2943 mi-

195 2977 315 3041 nistris
338 2977 430 3058 regis
452 2985 564 3058 eaptae
590 2986 671 3040 sunt
697 2986 732 3040 et
755 2978 910 3058 graviter
934 2979 978 3042 ad
1002 2998 1039 3041 se
1070 2980 1142 3043 red-

193 3075 367 3161 imendum
394 3076 601 3157 compulsae;
628 3069 711 3138 ²viri
735 3076 888 3156 religiosi
909 3077 983 3141 sive
1002 3079 1143 3159 quicun-

194 3193 261 3257 que
279 3172 441 3249 ordinati,
457 3175 517 3256 qui
534 3175 738 3238 itinerantes
764 3175 889 3256 reperti
912 3184 995 3239 sunt
1016 3177 1052 3239 in
1074 3179 1143 3253 via,

194 3273 238 3336 ab
264 3273 363 3354 equis
390 3273 463 3336 suis
492 3273 773 3356 projiciebantur,
797 3273 1035 3355 spoliabantur
1062 3283 1144 3339 eta

192 3368 399 3434 satellitibus
426 3372 519 3452 regis
542 3372 689 3451 turpiter
708 3373 958 3448 tractabantur,
989 3393 1051 3436 uec
1077 3374 1144 3437 fuit

194 3470 253 3552 qui
279 3470 329 3531 eis
351 3469 526 3552 justitiam
551 3470 739 3533 exhiberet.
793 3470 973 3533 Venerunt
994 3490 1036 3533 ea
1056 3479 1142 3534 tem-

193 3575 329 3649 pestate
361 3568 397 3630 in
425 3567 574 3631 confinio
607 3567 746 3632 Walliae
775 3568 818 3631 ad
849 3588 965 3649 regem
996 3556 1143 3633 ministri

194 3665 374 3748 cujusdam
393 3664 605 3730 vicecomitis
629 3666 794 3730 ducentes
811 3667 1006 3748 praedonem
1024 3687 1143 3742 unum,

230 3820 326 3871 'Parce
335 3837 368 3871 ex
378 3815 588 3891 columniis]
606 3823 655 3872 Dr.
681 3823 737 3871 tour
748 3836 831 3871 sworn
847 3837 903 3870 men
915 3822 944 3870 oi
954 3822 996 3871 tbe
1007 3823 1093 3883 parisb
1105 3824 1144 3872 tor

193 3893 315 3954 Lingard,
333 3892 397 3941 trom
415 3893 458 3941 tbe
478 3892 555 3942 Closs
576 3892 656 3952 Bolls,
681 3893 808 3941 eracular
818 3891 972 3953 clergymen,
983 3908 1009 3954 p.
1022 3897 1062 3941 22.
1095 3894 1143 3942 See

192 3962 239 4011 has
255 3963 329 4024 given
339 3961 410 4010 what
419 3975 475 4010 was
490 3962 533 4009 the
547 3962 657 4009 ‘ration
681 3961 733 4009 Mr.
743 3956 856 4020 Hnrdy’s
867 3961 962 4009 edition
973 3960 1003 4009 oi
1012 3961 1055 4009 the
1067 3961 1143 4011 Closs

193 4030 261 4080 abile
281 4027 450 4080 estuverium'
468 4030 587 4091 allowed,
605 4037 656 4080 two
681 4030 799 4090 Rolls,p.
813 4033 869 4078 lot).

193 4101 303 4150 disbess
311 4100 362 4160 day
368 4098 413 4163 (ud
422 4096 657 4162 prandium)name·
716 4096 726 4124 ¹
737 4098 793 4146 Viri
803 4097 945 4160 religiosi]
966 4098 1090 4159 compare
1102 4099 1144 4148 tbe

192 4171 218 4231 ly
235 4169 275 4218 tor
293 4183 310 4217 u
325 4168 412 4230 moulr,
426 4169 477 4217 and
493 4182 523 4217 nr
535 4167 611 4217 much
627 4181 656 4216 es
681 4168 753 4214 write
762 4167 848 4215 issued
856 4172 882 4214 to
890 4167 932 4215 the
945 4168 1053 4228 eberiffs,
1064 4168 1090 4215 in
1102 4168 1144 4217 tbe

194 4239 286 4289 should
303 4239 335 4287 be
353 4238 453 4299 judged
472 4251 606 4298 necessary
623 4237 656 4296 by
682 4236 757 4285 Close
769 4236 850 4298 Rolls,
859 4251 904 4298 pp.
917 4239 973 4298 107,
983 4251 1047 4300 seqq.
