2970 5016
374 471 515 519 anonas
539 471 811 521 nrsronrnnun.
1021 457 1065 521 {tl

115 629 198 694 tatis
224 629 351 693 habere
377 649 447 694 non
474 632 600 713 potuit,
629 631 856 714 Francigenae
879 633 970 694 enim
993 651 1064 695 me·
1075 648 1199 689 sarno.

114 731 259 794 tuebant
282 749 325 794 ne
350 731 517 795 victualia
539 731 674 794 dnobus
697 733 835 814 regibus
859 730 1065 810 sufficerent,

115 849 203 913 quos
220 829 407 895 multitudo
424 832 577 895 maxima
591 833 813 913 sequebatur.
867 831 968 910 Quod
987 852 1066 896 cum

117 949 178 993 rex
219 929 417 994 Richardns
448 931 682 1010 cognovisset,
716 932 810 995 misit
844 932 1066 995 marescallos

118 1049 199 1093 suos
227 1029 270 1092 ad
302 1029 452 1112 majores
482 1028 648 1107 civitatist,
679 1037 802 1112 petens
830 1037 869 1094 nt
899 1031 1067 1095 exercitui

117 1147 181 1192 suo
205 1129 373 1193 victualia
387 1128 587 1206 venderent,
611 1149 654 1192 ue
670 1149 827 1193 escarum
851 1130 995 1212 penuria
1013 1131 1065 1196 la·

118 1229 300 1306 borarent;
336 1236 374 1292 at
407 1228 501 1292 cives
530 1235 649 1310 portas
681 1231 829 1312 aperire,
855 1237 891 1293 et
918 1230 1066 1312 benigne

119 1335 254 1391 tantum
275 1327 465 1409 principem
484 1328 647 1410 recipere,
664 1328 832 1407 volentes,
853 1329 979 1393 Franci
996 1349 1066 1394 non

118 1428 358 1509 permiserunt,
376 1427 438 1490 sed
461 1429 586 1492 armati
612 1447 729 1492 muros
745 1428 970 1493 ascendentes
987 1447 1067 1509 por·

119 1526 367 1591 tasdesenderc
378 1526 594 1591 laborabant.
637 1526 717 1605 Quo
728 1527 833 1604 facto,
845 1547 907 1590 rex
921 1527 1067 1591 Richar-

118 1624 182 1688 dus
193 1625 301 1709 jussit
318 1627 487 1691 exercitui
503 1645 567 1690 suo
585 1627 628 1689 ad
652 1645 748 1691 arma
769 1627 965 1704 convolare,
988 1627 1071 1691 sibi·

118 1745 187 1808 que
210 1733 246 1790 et
267 1726 340 1789 suis
364 1725 571 1807 ingressum,
595 1726 752 1790 hostibus
775 1727 906 1802 inritis,
933 1745 1069 1809 praepa·

120 1844 217 1904 rare3
249 1825 309 1908 qui
332 1824 426 1889 illico
452 1826 635 1907 praeceptis
658 1826 762 1907 regiis
792 1826 1069 1907 obtemperantes

121 1924 243 1989 valvas
280 1926 496 2001 invaserunt,
534 1924 720 2007 multisque
758 1944 803 1989 ex
844 1925 1069 2007 Francigenis

121 2024 323 2102 interfectis,
352 2024 520 2089 violenter
549 2024 776 2101 intraverunt,
806 2022 911 2107 atqu'e
938 2026 1069 2107 praevio

121 2143 202 2205 rege
232 2143 351 2189 omnes
377 2124 412 2187 in
438 2123 557 2204 fugam
581 2124 832 2206 compulerunt.
886 2123 968 2188 Hoc
998 2125 1070 2188 fac-

122 2230 195 2286 tum
211 2242 290 2285 cum
314 2223 528 2306 pervenisset
550 2223 594 2286 ad
617 2243 718 2287 aures
735 2224 826 2305 regis
844 2223 1069 2300 Francorum,

121 2322 309 2386 maximam
339 2320 506 2386 adversus
536 2342 651 2403 regem
683 2321 877 2404 Anglorum
911 2323 1070 2405 indigna·

122 2422 251 2484 tionem
273 2422 309 2485 in
332 2421 448 2485 animo
475 2422 673 2504 concipiens
704 2441 880 2505 nunqnam
907 2442 983 2488 eam
1009 2423 1068 2487 de-

121 2521 238 2601 posuit
265 2520 429 2601 quamdin
460 2522 677 2603 supervixit3
702 2528 928 2586 veruntamen
950 2521 1070 2586 eodem

122 2620 177 2683 die
200 2619 410 2703 colloquium
436 2619 602 2685 habentes
628 2621 810 2704 pacificum
838 2621 968 2686 nnllam
997 2641 1071 2684 om·

123 2717 204 2783 nino
221 2720 429 2784 mentionem
445 2719 488 2784 de
504 2721 606 2784 rebus
623 2721 730 2801 gestis
745 2720 912 2784 fecerunt.

168 2892 209 2956 Ut
222 2913 277 2956 rao
292 2890 473 2956 Ricdordos
487 2891 638 2976 quasdam
654 2889 836 2955 munitiones
849 2887 1034 2975 sadjupnoit.

168 3016 297 3081 Eodem
317 3024 482 3097 tempore,
499 3025 624 3079 octavo
635 3013 803 3080 kalendas
821 3014 994 3090 Octobris,
1009 3034 1073 3079 rex
1083 3032 1183 3123 {aare

126 3116 337 3180 Francorum
354 3133 462 3178 naves
485 3112 653 3192 ascendit,
671 3114 745 3191 sed,
764 3115 928 3197 quoniam
948 3088 1120 3179 ventns‘⁸
1151 3090 1192 3121 '⁰'

124 3216 247 3279 eierat
263 3214 471 3290 contrarius,
493 3212 570 3295 ipso
592 3213 648 3276 die
671 3213 870 3279 Messanam
892 3215 1014 3293 rediit;
1038 3223 1074 3279 et

123 3333 186 3379 rex
210 3313 405 3379 Richardus
431 3312 541 3395 pridie
564 3311 728 3376 kalendas
749 3313 912 3378 Octobris
934 3315 1073 3378 transiit

124 3414 278 3490 fluvium,
303 3414 363 3495 qui
391 3406 480 3475 ¹Far
502 3411 639 3490 dicitur,
663 3419 698 3475 et
726 3414 818 3495 cepit
849 3414 885 3476 in
910 3413 1073 3477 Calabria

122 3514 235 3578 locum
257 3510 538 3590 munitissimum,
561 3512 622 3595 qni
644 3510 836 3577 Labamare
856 3511 1072 3594 appellatur;

123 3613 240 3695 posuit
271 3612 306 3676 in
338 3630 379 3677 eo
411 3630 563 3677 sororem
596 3630 695 3674 snam
727 3611 750 3674 J
753 3610 938 3687 ohannarn,
964 3630 1072 3694 quon-

123 3711 203 3776 dam
219 3711 347 3775 Siciliae
364 3712 531 3792 reginam,
549 3718 584 3775 et
600 3711 702 3774 rediit
719 3710 763 3773 ad
781 3709 995 3775 Messanam.
1029 3709 1072 3773 In

121 3809 275 3874 crastino
300 3816 416 3874 autem
443 3811 535 3893 cepit
559 3809 740 3875 castellum
764 3810 855 3873 inter
876 3809 1072 3877 Calabriam

122 3917 159 3974 et
175 3909 388 3987 Messanam,
403 3910 495 3992 quod
514 3903 776 3973 ²monasterium
794 3907 978 3972 Grifonnm
988 3928 1073 3970 nnn·

158 4115 245 4181 Ῥω]
257 4117 369 4166 ‘nese
375 4087 586 4177 ds'Mescbiness
612 4121 665 4165 tam
676 4116 742 4164 inter
752 4116 778 4163 la
796 4114 922 4164 Banniere
939 4119 966 4163 et
977 4114 1077 4164 Messa·

121 4188 326 4240 monadicam
612 4180 697 4246 nam3’
708 4184 862 4246 Dorimap.
872 4187 913 4234 1⁹.
936 4183 1074 4233 ‘Thaterm

155 4254 351 4307 ’Mmateriam
366 4255 518 4319 Grynum]
537 4254 588 4305 ‘ab
611 4255 740 4305 Gritlones
751 4253 872 4305 included
882 4254 925 4304 the
933 4253 1020 4306 Greek
1031 4269 1076 4316 po·
