2970 5016
451 490 591 544 ruoaas
615 496 885 546 ursroamauu.
1099 482 1144 544 59

191 650 341 716 tentoria
356 652 446 730 fixit,
462 653 534 730 ubi,
551 670 629 716 eum
645 654 737 718 sesso
755 654 910 718 exercitu
926 654 986 718 vix
1005 673 1067 736 per
1084 654 1142 717 tri-
1156 671 1211 711 an.
1222 672 1279 711 rur.

191 752 295 815 duum
319 752 520 834 quievisset,
546 753 673 816 adsunt
698 752 829 816 flebiles
853 754 965 817 nuntii
986 772 1009 815 a
1028 752 1144 835 Joppe

192 870 301 932 nsque
330 851 374 914 ad
397 871 513 932 regem
539 851 673 928 directi,
697 853 897 916 nuntiantes
920 852 1144 915 Salaadinum

191 969 269 1012 cum
295 950 457 1014 universo
480 950 635 1014 exercitu
653 969 717 1014 suo
732 950 754 1015 J
759 970 872 1034 oppen
893 952 1079 1027 obsedisse,
1097 951 1144 1013 ci-

193 1049 406 1131 vitatemque
432 1050 591 1113 celeriter
617 1050 691 1114 sore
716 1050 931 1133 capiendam,
958 1069 1145 1131 omnesque

192 1147 320 1211 milites
343 1156 379 1212 et
399 1149 600 1224 servientes,
619 1167 706 1231 quos
728 1150 773 1212 ob
793 1150 985 1213 custodiam
1005 1149 1053 1212 ibi
1073 1149 1145 1212 col-

192 1245 381 1324 locaverat,
401 1247 654 1327 tmcidandos,]
679 1241 764 1311 ¹nisi
786 1248 888 1312 celeri
917 1249 1145 1312 subventione

194 1346 391 1427 praesidinm
422 1347 510 1410 serat
546 1346 725 1425 obsessis3
766 1365 835 1428 quo
871 1346 1002 1423 audito,
1035 1348 1146 1410 omnis

195 1443 472 1509 Christianorum
505 1446 680 1510 exercitus
711 1445 814 1509 valde
842 1445 1046 1528 perterritus
1080 1452 1146 1521 est,

195 1545 348 1624 graviter
360 1545 599 1626 ingemiscens.
623 1543 705 1608 Rex
717 1553 833 1608 autem
849 1544 1145 1620 Richardus,eum

195 1642 273 1704 aliis
298 1644 415 1707 animo
435 1651 691 1721 consternatus,
713 1643 835 1707 ducem
858 1643 1072 1724 Burgundiae
1094 1642 1145 1705 os-

194 1741 342 1819 tensum,
368 1752 441 1806 tum
464 1762 526 1824 per
547 1763 597 1819 se,
625 1751 698 1806 turn
723 1763 786 1825 per
811 1743 911 1819 alios,
938 1742 981 1805 ad
1006 1761 1147 1805 concor-

196 1840 288 1904 diam
320 1850 357 1906 et
387 1861 507 1924 pacem
538 1861 701 1906 revocare
729 1843 873 1920 studuit,
901 1842 1062 1905 obnixius
1091 1860 1146 1904 ro·

196 1957 285 2020 gans
317 1949 357 2004 ut
389 1948 497 2005 tantae
529 1941 719 2005 calamitati
752 1941 882 2025 aliquid
914 1941 1003 2005 ferat
1034 1940 1147 2002 subsi-

196 2037 313 2119 dinm3
334 2058 480 2122 quorum
503 2060 622 2122 preces
640 2040 712 2103 dux
729 2041 849 2104 audire
868 2040 1073 2122 dedignans,
1090 2058 1149 2102 eo·

195 2157 340 2221 rumque
356 2139 592 2220 postulatione
614 2140 800 2221 inquietari
818 2139 950 2216 nolens,
971 2145 1072 2204 nocte
1087 2139 1149 2201 illa

197 2256 274 2300 eum
292 2236 365 2301 suis
387 2258 505 2302 versus
522 2238 654 2320 Tyrum
677 2241 744 2303 iter
766 2239 933 2320 arripuit3
957 2258 1027 2321 quo
1048 2231 1148 2300 ²dum

196 2336 424 2419 pervenisset,
445 2337 624 2402 confestim
650 2339 767 2402 divino
790 2338 989 2402 terribiliter
1008 2355 1148 2420 percus-

197 2454 257 2498 sus
276 2435 409 2519 judicio
431 2444 615 2520 menteque
636 2436 807 2501 alienatus
832 2446 943 2502 morte
963 2436 1149 2501 miserabili

197 2535 306 2598 vitam
322 2536 533 2600 terminavit.

239 2705 281 2769 Ut
296 2726 350 2769 rec
366 2704 548 2770 salardo
562 2705 778 2771 Saluudiuum
795 2704 834 2769 ab
849 2704 1001 2770 obsidium
1013 2706 1113 2790 Ioppe

578 2806 756 2891 supererit.

250 2928 331 2992 Rex
355 2948 438 2992 vero
460 2928 669 3005 Richardus,
690 2935 770 3011 post
789 2936 934 2991 mortem
956 2927 1053 2993 ducis
1075 2936 1149 2992 tur·
1163 2945 1255 2986 nterea

200 3028 390 3110 pissimum,
410 3021 505 3091 ³cum
529 3047 641 3110 pauco
663 3030 829 3092 comitatu
851 3047 958 3091 naves
981 3036 1150 3093 rostratas
1162 2997 1228 3136 {1⁸¹3
1228 2996 1261 3085 0²2¹
1262 3006 1275 3035 ⁶

202 3127 298 3191 ocius
318 3127 501 3190 advolator
520 3127 756 3191 conscendens
778 3129 929 3191 obsessis
953 3128 1045 3210 apud
1064 3128 1086 3193 J
1090 3150 1152 3212 op·
1176 3107 1236 3147 ⁰⁹¹³*

200 3245 267 3308 pen
287 3228 470 3290 subvenire
489 3227 690 3304 maturavit,
708 3228 768 3291 scd
789 3246 896 3291 naves
916 3229 950 3291 vi
970 3237 1151 3292 ventorum

202 3326 401 3389 ac.saevitia
425 3325 593 3389 fluctuum
617 3327 653 3389 in
679 3328 888 3390 contrarium
912 3335 1052 3391 retortae
1074 3348 1152 3392 ver·

202 3443 261 3487 sus
279 3424 433 3506 Cyprum
456 3425 587 3488 diutius
605 3425 850 3506 impelluntur3
875 3426 966 3508 quod
984 3427 1152 3501 videntes,

203 3522 263 3605 qui
287 3523 380 3605 apud
402 3521 528 3587 Acbon
553 3533 802 3602 remanserant,
826 3527 939 3607 ipsum
963 3524 1153 3606 repatriare

203 3624 435 3705 suspicantur.
489 3623 569 3687 Rex
594 3643 677 3687 vero
702 3632 737 3688 et
764 3624 823 3706 qui
851 3644 928 3687 cum
955 3624 1015 3687 illo
1041 3630 1153 3700 erant,

203 3730 325 3785 contra
346 3722 476 3785 rabiem
493 3731 675 3786 ventorum
698 3724 842 3804 remigio
859 3723 1013 3787 violento
1036 3741 1153 3804 aequo·

202 3947 233 3996 de
251 3946 328 3996 celeri
345 3948 427 3997 reditu
448 3949 605 4012 providente,
621 3949 667 3999 ad-
728 3946 813 3999 'Dum
820 3947 987 4012 mareu]
1002 3946 1088 3995 ‘Dum
1096 3961 1154 4008 per-

202 4021 261 4066 sunt
277 4018 374 4067 flebiles
386 4014 408 4079 ς’
431 4019 601 4081 Cuggesbnle,
618 4021 666 4070 eol.
691 4015 809 4079 veniret?
827 4017 995 4080 Coggesbale.

204 4091 347 4220 8218.Νι”,ςί.]
366 4156 468 4206 Atthis
484 4157 556 4219 point
572 4174 612 4208 we
628 4174 668 4208 re·
726 4154 812 4205 'Cam
829 4171 904 4220 pauco
924 4151 1073 4225 comitutu]
1093 4155 1154 4207 ibid.

204 4230 358 4278 tumtoour
368 4229 534 4289 manuscript.
692 4229 819 4287 eol.82³;
836 4226 1062 4290 virescentes.
