2970 5016
448 482 588 530 nuoass
613 483 883 534 ursronmnun.
1076 469 1141 532 271

189 638 270 701 licet
302 639 598 722 archiepiscopum
632 640 907 719 Santioneusem,
942 643 1278 741 episcopumgffi&

191 738 429 816 Forulensem,
447 741 683 805 vicecomitem
707 743 820 806 sancti
842 742 1009 806 Florentii
1028 749 1064 805 et
1079 741 1141 804 do·
1153 751 1285 850 mm

191 839 320 901 minum
340 837 530 903 Accaldum
558 840 601 903 de
625 840 838 918 Russillone,
863 841 1067 905 mandantes
1090 841 1141 903 cis

190 944 230 1000 ut
254 937 430 1002 traderent
457 937 639 1003 haereticos
664 940 816 1004 civitatis
842 941 1010 1005 exercitui
1039 959 1142 1004 cruce

190 1036 406 1116 signatorum
430 1045 465 1101 et
486 1039 578 1101 bona
607 1057 737 1102 eorum.
802 1039 957 1118 Quodsi
981 1039 1070 1102 forte
1089 1037 1141 1101 di-

191 1143 309 1199 cerent
323 1137 417 1218 ipsos
432 1156 501 1200 non
517 1156 593 1200 esse
616 1137 809 1215 haereticos,
827 1140 985 1203 venirent
1000 1137 1063 1214 illi,
1081 1137 1142 1218 qui

193 1235 305 1298 notati
341 1234 479 1299 fuerant
514 1243 550 1299 et
582 1237 783 1300 nominatim
821 1238 990 1320 expressi,
1025 1256 1142 1300 coram

193 1334 287 1397 omni
317 1335 484 1411 exercitu,
514 1335 613 1399 fidem
646 1355 745 1399 suam
776 1338 964 1400 secundum
996 1336 1142 1400 Christi·

192 1451 295 1496 anam
336 1434 618 1498 consuetudinem
661 1437 869 1516 purgaturi3
922 1445 969 1512 et,
1004 1436 1034 1498 si
1078 1434 1143 1498 hoc

192 1531 306 1596 facere
342 1540 555 1610 recusarent,
595 1535 934 1599 excommunicarent
966 1554 1028 1617 per
1067 1554 1143 1597 eas-

192 1631 270 1695 dem
299 1631 419 1696 literas
450 1632 610 1696 consules
642 1639 677 1696 et
702 1634 918 1699 consiliarios
948 1653 1078 1709 eorum,
1109 1640 1144 1697 et

192 1738 302 1794 totam
326 1731 445 1795 villam
469 1731 703 1796 Tholosanam
732 1753 810 1797 cum
834 1733 1046 1817 appendiciis
1072 1733 1144 1795 suis

193 1830 427 1895 ecclesiastico
465 1841 699 1913 supponerent
732 1833 929 1897 interdicto.
995 1826 1143 1895 ¹Eodem

194 1948 285 1994 auno
300 1929 523 2011 G[aufridus]
533 1930 753 2008 filius-Petri,
767 1930 907 2014 Angliae
916 1930 1145 2016 justiciarius,

194 2030 346 2093 secundo
366 2028 444 2093 idus
464 2029 627 2094 Octobris
650 2031 739 2094 diem
759 2032 885 2096 clausit
901 2025 1123 2095 'extremum

281 2203 331 2266 De
345 2212 439 2267 morte
452 2203 532 2288 repis
549 2206 753 2288 Arrcpoaum
769 2202 859 2288 apud
871 2199 1054 2266 Morellam.

240 2320 326 2389 His³
341 2328 564 2408 temporibus,
582 2335 661 2409 post
670 2328 926 2391 coronationem
937 2327 1029 2408 regis
1040 2325 1147 2390 Arra-

195 2445 323 2508 gounm
346 2427 390 2489 ab
412 2426 618 2491 Innocentio
638 2445 730 2508 papa
746 2426 868 2490 Romae
883 2426 1024 2502 factam,
1041 2433 1076 2488 et
1094 2424 1145 2487 iu-

195 2524 396 2588 hibitionem
414 2525 707 2589 districtissimam
730 2545 773 2588 ne
795 2523 942 2587 inimicis
964 2524 1043 2587 fidei
1065 2543 1146 2586 con-

195 2624 323 2700 silium,
339 2625 506 2688 auxilium
524 2632 708 2707 praestaret
716 2623 772 2687 vel
787 2623 953 2699 favorem,
964 2623 1053 2686 idem
1071 2641 1147 2699 rex,

196 2724 244 2805 pii
268 2724 377 2805 patris
400 2725 647 2788 correctionem
670 2743 746 2787 cum
771 2723 955 2787 devotione
978 2740 1047 2784 non
1070 2740 1146 2784 sus-

195 2823 339 2905 cipiens,
362 2829 484 2887 contra
503 2823 703 2887 mandatum
727 2823 957 2904 apostolicum
987 2827 1147 2904 proterve

196 2922 416 2986 recalcitrare
431 2923 539 3005 coepit
554 2943 563 3000 ;
588 2941 681 2999 uam,
697 2923 855 3007 protinus
870 2941 946 2985 cum
964 2921 1087 2984 fuisset
1103 2920 1146 2982 ad

195 3023 336 3103 propria
351 3040 520 3098 reversus,
535 3022 705 3086 haereticis
723 3021 977 3087 confoederatus
992 3020 1027 3084 in
1043 3026 1147 3095 terra,

196 3140 274 3202 quae
297 3140 359 3204 per
375 3122 540 3186 virtutem
555 3121 624 3185 Dei
645 3129 680 3186 et
697 3141 799 3186 cruce
820 3121 1036 3203 signatorum
1059 3136 1147 3184 aux·

233 3329 341 3381 ¹Eodem
354 3334 438 3397 onam]
457 3333 532 3383 Puris
550 3335 572 3383 is
590 3349 657 3384 more
719 3328 919 3401 ’Extremm.]
957 3332 1032 3381 Paris
1059 3333 1150 3382 inserts

196 3401 243 3451 fult
255 3403 282 3450 in
292 3402 333 3450 his
343 3408 451 3453 account
458 3403 488 3451 oi
495 3403 537 3453 the
548 3403 624 3453 death
633 3404 662 3452 ot
684 3404 743 3452 hera
754 3405 797 3453 the
809 3409 888 3464 story,
895 3400 979 3451 which
991 3401 1024 3449 he
1035 3401 1149 3451 declares

198 3472 352 3522 Fitz-Peter.
400 3473 442 3521 He
465 3487 524 3535 says
541 3473 597 3522 that
615 3474 658 3522 the
684 3473 782 3522 thathe
802 3472 919 3522 received
935 3470 998 3519 from
1016 3470 1153 3520 Robertoi

198 3541 269 3603 king,
286 3543 366 3591 above
382 3542 417 3591 all
433 3557 500 3604 men,
517 3543 602 3604 hated,
614 3544 659 3592 but
685 3543 799 3603 london,
809 3558 856 3592 one
872 3541 901 3591 os
913 3541 955 3589 the
968 3541 1112 3588 emissaries
1123 3545 1149 3588 to

197 3610 284 3661 teured
295 3611 360 3673 him;
372 3613 422 3661 and
433 3611 508 3673 adds,
515 3612 578 3674 that,
584 3613 660 3662 when
684 3613 727 3663 the
742 3613 815 3673 emir,
832 3609 994 3659 Mohammed
1006 3610 1030 3658 el
1047 3610 1148 3669 Nassir,

196 3680 266 3729 John
277 3682 354 3730 heard
366 3682 395 3731 oi
403 3683 443 3732 his
454 3681 540 3744 death,
551 3682 582 3732 hc
595 3683 661 3745 said,
685 3682 714 3731 oi
721 3677 811 3732 Johu’s
827 3681 933 3741 offeriug
944 3685 969 3728 to
987 3678 1148 3726 Mohammed

195 3750 203 3777 ⁴
218 3751 271 3799 Per
280 3751 359 3811 pedes
370 3752 485 3813 Domini,
496 3767 562 3801 nunc
580 3754 660 3813 primo
685 3752 727 3800 the
736 3751 855 3813 kingdom
862 3749 891 3798 os
897 3748 1023 3810 England‚
1031 3747 1081 3796 and
1091 3762 1148 3808 pro-

198 3834 255 3868 sum
278 3835 323 3868 rex
343 3826 369 3870 et
386 3822 502 3871 domiuus
528 3818 660 3884 Angliael’
686 3817 1151 3883 misinghimselftoemhracetheMo·

199 3889 242 3939 He
259 3904 314 3938 was
330 3893 471 3941 succeeded
488 3893 522 3953 by
535 3893 612 3941 Peter
628 3892 661 3941 de
686 3890 836 3940 hammedau
852 3888 925 3938 saith.
961 3889 1009 3936 See
1027 3886 1150 3950 Lingard‚

199 3958 307 4021 Roches,
333 3960 424 4022 bishop
446 3961 475 4010 oi
493 3962 661 4023 winchester,
686 3962 724 4011 iii.
734 3976 760 4022 p.
772 3964 820 4020 27;
837 3958 946 4022 Tyrrell,
957 3973 983 4019 p.
995 3961 1052 4007 toa.

197 4030 478 4080 ‘submurmurantibus
495 4032 573 4080 totius
589 4032 661 4093 regni

198 4100 662 4163 proceribus,quodhomoalienlgena
721 4098 795 4147 ³His
818 4096 994 4161 temporibus]
1026 4096 1151 4159 Compare

198 4170 235 4218 eis
262 4170 435 4229 preficeretur
448 4166 468 4232 ;'
494 4170 663 4234 coggeshale,
688 4170 769 4232 Brito,
779 4183 805 4232 p.
815 4171 857 4219 ⁹2.
