2970 5016
455 490 594 540 monus
617 489 887 538 ursroarnuuu.
1080 475 1146 539 291

541 647 701 712 caeleste
714 647 794 713 belli.

243 745 334 808 Dum
357 745 432 809 hac
457 746 550 810 circa
574 768 690 828 regem
714 747 915 830 Philippum
944 756 1142 829 agerentur,
1157 773 1279 814 annm.

193 842 468 926 campaniensis,
495 845 706 912 Perticensis
737 856 772 911 et
800 848 843 911 de
875 856 997 911 sancto
1031 847 1143 911 Panlo
1157 825 1259 914 iim

191 945 347 1021 comites,
361 963 438 1007 cum
453 945 530 1008 aliis
544 946 662 1010 multis
676 947 847 1011 nobilibus
859 947 903 1010 de
915 966 1023 1028 reguo
1037 947 1144 1010 Fran·

192 1063 323 1120 corum,
353 1044 389 1107 in
421 1045 513 1108 acies
542 1045 759 1128 supradictas
786 1047 952 1129 impetum
978 1045 1144 1110 facientes

195 1142 382 1224 Hugouem
401 1141 444 1206 de
461 1143 588 1221 Boves,
605 1164 683 1208 onm
699 1147 860 1210 universo
883 1144 1013 1228 populo
1030 1165 1073 1208 ex
1089 1145 1142 1208 di-

193 1242 301 1306 versis
317 1242 505 1324 provinciis
522 1244 680 1320 collecto,
691 1245 727 1307 iu
744 1244 863 1325 sugam
881 1245 1142 1326 compulerunt3

193 1341 318 1422 quibus
347 1342 503 1423 improbe
525 1342 626 1406 nimis
648 1343 872 1424 fugientibus,
894 1345 1040 1407 insecuti
1063 1352 1144 1407 suut

193 1459 253 1504 eos
277 1441 312 1503 in
330 1459 390 1505 ore
406 1441 512 1522 gladii
527 1442 756 1525 Francigenae
770 1444 939 1525 usquead
959 1444 1144 1506 stationem

194 1540 425 1621 imperatoris,
450 1542 614 1622 quocirca
635 1550 716 1624 post
739 1542 858 1623 fugam
885 1542 1022 1605 illorum
1045 1560 1145 1605 omne

193 1639 329 1720 pondus
355 1639 465 1721 praelii
486 1641 522 1704 in
544 1641 785 1723 imperatorem
808 1660 1010 1705 conversum
1034 1648 1088 1705 est
1109 1641 1144 1702 iu

194 1745 380 1802 momento.
433 1738 745 1804 Circumvallantes
775 1741 864 1803 euim
897 1759 975 1803 eum
1002 1741 1145 1804 comites

195 1837 386 1918 supradicti
409 1839 525 1902 conati
548 1846 629 1903 sunt
653 1847 692 1902 ut
717 1840 950 1903 interficerent
977 1838 1072 1902 illum
1089 1839 1144 1903 vel

196 1935 240 1999 ad
254 1936 462 2001 deditionem
480 1938 737 2021 compellerent,
759 1939 819 2002 sed
842 1939 917 2021 ipse
936 1956 1014 2002 cnm
1028 1938 1145 2018 gladio

195 2055 298 2117 quem
322 2037 473 2113 tenebat,
490 2045 529 2101 ut
547 2039 619 2102 sica
633 2057 678 2100 ex
698 2057 767 2102 uua
789 2045 888 2120 parte
904 2046 1020 2113 acuto,
1036 2036 1145 2101 hosti·

194 2134 258 2198 bus
276 2134 366 2199 ictus
382 2136 619 2218 importabiles
634 2137 714 2200 binc
735 2137 815 2200 inde
833 2137 965 2220 junctis
987 2138 1145 2200 manibus

196 2234 405 2315 imprimens,
430 2255 664 2319 quoscumque
690 2237 885 2319 attingebat
900 2236 955 2300 vel
977 2237 1145 2300 attonitos

195 2333 372 2411 reddebat,
389 2335 445 2398 vel
460 2355 612 2400 sessores
628 2355 705 2399 cum
728 2336 813 2418 ipsis
835 2335 933 2418 equis
953 2336 1145 2400 solotenus

194 2434 446 2514 prosternebat.
497 2434 548 2499 At
562 2435 679 2499 hostes
698 2436 842 2517 propius
856 2433 1018 2498 accedere
1035 2445 1145 2497 metu·

196 2539 294 2596 entes
328 2533 457 2598 lanceis
488 2536 553 2597 sub
579 2535 655 2616 ipso
685 2541 756 2597 tres
780 2551 889 2615 equos
916 2539 1146 2614 peremerunt,

198 2631 258 2695 sed
289 2633 560 2698 commilitonum
591 2652 732 2697 suornm
773 2630 938 2695 laudabili
974 2631 1146 2712 probitate

199 2733 299 2796 novis
329 2752 464 2815 semper
494 2734 592 2815 equis
625 2733 806 2796 restitutus
845 2730 1001 2794 hostibus
1032 2730 1147 2793 acrius

198 2830 420 2912 insurgebat3
452 2832 592 2897 taudem
618 2832 769 2896 invictus
796 2832 841 2894 ab
866 2829 1073 2894 advorsariis
1095 2828 1146 2891 di-

199 2931 325 2994 missus
347 2951 425 2996 cum
447 2932 520 2996 suis
537 2933 612 2995 sine
634 2932 687 2994 sui
710 2949 920 3011 suorumque
941 2929 1083 2993 laesione
1104 2928 1147 2991 de

199 3029 290 3094 bello
316 3031 468 3096 recessit.
522 3031 600 3096 Rex
625 3038 742 3094 autem
770 3030 983 3093 Francorum
1011 3028 1054 3091 de
1077 3036 1148 3092 tam

199 3129 380 3211 inopinata
404 3131 550 3195 victoria
579 3130 682 3194 laetus
715 3131 848 3212 gratias
880 3129 957 3192 Deo
985 3127 1149 3204 exsolvit,

199 3228 258 3310 qni
278 3229 343 3292 sibi
364 3230 466 3295 talem
490 3230 660 3294 concessit
678 3231 723 3292 ab
745 3228 952 3293 adversariis
972 3235 1150 3309 reportare

199 3328 421 3411 triumphum.
484 3329 571 3392 Tres
604 3347 742 3412 quoque
773 3329 916 3396 comites
947 3326 1150 3409 supradicti,

200 3446 277 3490 cum
305 3429 452 3492 militum
479 3435 515 3492 et
537 3427 683 3492 aliorum
708 3445 892 3491 numerosa
917 3424 1149 3500 multitudiue,

199 3527 348 3590 vinculis
373 3528 552 3592 constricti
575 3527 715 3591 abducti
745 3536 828 3590 sunt
849 3522 1014 3589 carcerali
1036 3531 1151 3587 custo-

198 3625 266 3688 diae
282 3627 515 3709 mancipandi.
564 3626 674 3692 Facta
691 3619 744 3690 est
753 3633 868 3690 autem
884 3624 957 3686 baec
970 3622 1052 3686 belli
1069 3642 1151 3686 con-

199 3725 331 3805 gressio
346 3746 463 3790 mense
479 3727 504 3790 J
507 3727 590 3803 ulio,
605 3733 706 3790 sexto
721 3725 888 3789 kalendas
905 3721 1068 3804 Augusti.
1106 3721 1150 3784 In

200 3823 266 3889 hoc
281 3834 398 3890 autem
417 3846 501 3890 casn
522 3845 585 3889 rex
604 3823 797 3906 Auglorum
819 3822 1052 3905 qnadraginta
1073 3822 1150 3884 mil·

199 3924 247 3987 lia
266 3944 413 4003 marcas,
439 3945 526 4008 quas
554 3933 708 4008 tempore
733 3922 908 3987 interdicti
931 3940 953 3983 a
974 3919 1151 3984 monachis

200 4023 427 4088 cistercensis
444 4025 574 4089 ordinis
590 4022 792 4100 abstulerat,
804 4020 952 4084 inaniter
969 4038 1152 4099 consump-

201 4125 257 4201 sit,
274 4132 315 4188 ut
331 4124 433 4188 fidem
449 4125 579 4189 faceret
596 4122 791 4207 proverbio,
809 4140 879 4204 quo
892 4119 1031 4195 dicitur,

338 4253 422 4314 ‘Non
436 4256 522 4315 habet
535 4265 653 4315 eventus
667 4253 781 4314 sordida
793 4253 889 4332 prada
901 4253 991 4311 bonos
999 4250 1016 4319 3⁸
1131 4262 1133 4268 ’

1008 4362 1023 4397 u
1035 4353 1051 4398 2
