2970 5016
388 490 525 537 anonas
551 490 821 538 ursronrnnuu.
1026 472 1070 535 35

150 720 199 780 Dr
212 716 358 801 superbia
383 719 541 794 Willalmi,
558 719 695 783 Eliorum
710 721 842 805 apocope?
855 730 884 784 et
900 718 1025 804 naplis

495 819 689 883 cancellarii.

165 933 253 1003 Sub¹
278 940 344 1003 hiis
369 941 490 1004 diebus
513 941 721 1018 Willelmus,
745 940 883 1024 Angliae
906 941 1066 1024 justicia·
1051 955 1133 995 -A1>·
1078 957 1205 1045 πω

116 1039 187 1102 rius
223 1046 258 1102 et
290 1041 491 1122 apostolicae
522 1040 614 1104 sedis
646 1041 795 1123 legatus,
830 1041 912 1104 fecit
943 1006 1110 1103 turrimeo
1077 1055 1201 1144 ΜΗ
1189 1016 1221 1144 ξ’

116 1136 373 1202 Londoniarum
391 1139 523 1203 fossato
546 1139 813 1220 profundissimo
830 1106 1114 1220 circumcingimur.

114 1255 258 1318 sperans
281 1256 318 1300 se
336 1256 438 1319 posse
455 1237 619 1302 Tamisiae
639 1237 799 1302 fluenta
789 1258 825 1301 rn
847 1232 983 1301 'urbem
1002 1237 1065 1301 du·

115 1353 205 1410 cere,
238 1335 298 1399 sed
327 1342 406 1419 post
433 1336 560 1400 multos
589 1336 631 1401 de
659 1337 743 1400 fisco
772 1342 931 1418 sumptus
953 1355 992 1398 se
1013 1336 1065 1399 la-

115 1433 256 1497 borasse
288 1435 456 1499 inutiliter
482 1436 729 1516 comprobavit.
784 1435 871 1498 Erat
897 1440 1066 1515 praeterea

116 1530 205 1595 idem
223 1534 450 1596 cancellarius
469 1535 642 1597 maximus
665 1534 754 1597 inter
771 1552 890 1597 omnes
907 1532 1065 1595 occiden-

116 1631 216 1706 tales,
237 1651 299 1694 rex
322 1642 358 1695 et
379 1632 540 1695 sacerdos
560 1633 595 1695 in
619 1630 761 1713 Anglia,
784 1633 844 1715 qui
866 1631 982 1695 omnia
1001 1649 1065 1712 pro

115 1728 222 1793 nihilo
244 1729 404 1807 ducebat,
426 1750 505 1794 cum
527 1731 714 1813 episcopali
737 1738 871 1795 tantum
895 1728 1066 1810 dignitate

115 1847 183 1892 uon
198 1836 382 1893 contentus
404 1829 506 1892 nimis
523 1829 596 1894 alta
615 1849 653 1893 se
667 1849 789 1912 sapere
806 1828 1005 1906 denotavit3
1028 1828 1064 1890 in

115 1927 226 2008 prima
252 1946 401 2010 namque
422 1928 600 1992 literarum
622 1948 763 1992 suarum
789 1928 902 1993 fronte
929 1927 1065 1990 vanita-

115 2032 183 2088 tem
212 2034 247 2090 et
272 2026 455 2090 elationem
478 2028 651 2108 expressit
674 2047 751 2092 curn
779 2026 881 2103 dixit,
903 2025 1065 2090 ‘Willel-

116 2144 202 2199 mus,
225 2125 292 2187 Dei
314 2125 429 2207 gratia
446 2124 595 2189 Eliensis
612 2126 807 2209 episcopus,
824 2125 952 2190 domini
974 2125 1065 2206 regis

115 2222 355 2299 cancellarius,
384 2224 492 2288 totius
515 2222 655 2306 Angliae
677 2224 893 2307 justiciarius
920 2229 954 2287 et
982 2243 1067 2305 apo-

114 2322 246 2386 stolicae
267 2323 359 2386 sedis
377 2323 527 2404 legatus,
547 2322 718 2401 salutem,’
740 2331 776 2386 et
798 2330 933 2388 catara.
986 2321 1066 2386 Has

113 2428 230 2484 autem
253 2421 453 2501 dignitates,
476 2440 563 2503 quas
580 2423 692 2504 pretio
714 2422 923 2498 obtinuerat,
942 2420 1062 2483 immo-

114 2518 234 2583 derato
267 2538 414 2583 excessu
441 2521 608 2597 exercuit,
642 2520 762 2585 volens
793 2521 951 2595 sacellos,
977 2538 1063 2601 quoa

112 2618 149 2680 in
167 2637 285 2681 earum
302 2619 544 2700 impetratione
560 2625 802 2694 evacuaverat,
819 2619 969 2683 relicere.
995 2617 1063 2680 Pe·

114 2717 252 2780 cuniam
281 2735 380 2780 suam
407 2718 584 2782 distribuit
614 2717 659 2781 ad
683 2736 849 2792 mensam,
871 2726 910 2781 ut
938 2704 1084 2778 iterum.

114 2815 249 2879 rediens
282 2834 358 2879 cum
389 2817 503 2879 usuris
533 2817 653 2899 utique
683 2821 907 2898 extorqueret
939 2812 1063 2893 illam3

117 2933 197 2978 nam
218 2914 402 2996 legationis
416 2913 576 2991 officium,
594 2914 686 2997 qnod
710 2913 803 2977 mille
822 2913 908 2977 fusis
928 2913 1063 2995 argenti

112 3012 210 3076 libris
238 3012 460 3096 adquisierat,
483 3014 570 3077 adeo
600 3013 823 3077 immoderate
845 3013 990 3095 peregit,
1024 3020 1064 3075 ut

115 3113 273 3176 omnibus
306 3111 445 3194 Angliae
481 3113 635 3177 ecclesiis
672 3120 743 3177 tam
777 3111 1064 3177 conventualibus

115 3228 219 3291 qnam
256 3210 511 3274 cathedralibus
549 3211 647 3274 fieret
684 3230 861 3293 onerosus,
894 3210 1063 3293 siqnidem

114 3309 208 3373 mille
232 3317 268 3372 et
287 3310 485 3391 quingentis
516 3329 579 3392 per
600 3308 762 3391 Angliam
794 3317 935 3375 evectus
966 3310 1063 3391 cqui-

115 3407 252 3485 taturis,
275 3408 476 3473 clericorum
502 3409 653 3490 stipatus
675 3410 824 3473 catervis
848 3409 1064 3489 militumque

114 3505 267 3570 vallatus
294 3507 501 3588 agminibus
526 3507 640 3572 omnia
668 3506 751 3583 fere,
774 3526 853 3589 quae
876 3504 1064 3589 episcopali

115 3605 318 3669 reverentiae
345 3613 552 3687 congruunt,
577 3606 809 3688 praetermisit.
863 3605 919 3668 llli
944 3622 1064 3667 ornnes

116 3702 178 3765 tilii
197 3704 362 3767 nobilium
381 3704 567 3769 adstabant
583 3705 617 3768 in
635 3724 766 3781 mensa,
784 3723 871 3786 quos
889 3701 962 3767 suis
980 3721 1062 3783 nep-

116 3801 209 3864 tibus
231 3808 266 3866 et
286 3804 553 3885 consanguineis
575 3803 699 3886 puellis
721 3803 897 3884 copulavit
912 3820 975 3882 per
991 3819 1064 3862 ma-

115 3900 290 3977 trimonia,
311 3901 429 3966 felices
451 3922 489 3965 se
509 3901 749 3967 existimantes
769 3919 856 3984 quos
878 3899 1064 3989 familiares

151 4070 225 4122 ¹Srrb
242 4074 293 4124 atu
308 4071 427 4144 utem]
446 4077 578 4127 Benedict.
606 4077 685 4137 lebni,
698 4076 808 4125 Elieusis
824 4070 954 4136 episcopi:
965 4090 991 4136 p.
1008 4078 1066 4127 6²6.

115 4158 143 4206 p.
153 4148 218 4204 ⁶8⁵;
234 4144 277 4192 the
288 4159 358 4194 same
369 4146 455 4194 writer
466 4146 512 4194 bns
524 4147 579 4195 also
605 4147 653 4196 See
664 4147 719 4195 also
731 4144 889 4205 Nevvburgh,
901 4144 959 4206 iv.§
973 4148 1012 4194 1⁴.

115 4213 220 4262 another
232 4213 347 4274 chapter,
364 4216 422 4264 ‘De
439 4215 506 4264 iaetu
517 4216 579 4291 Wil·
639 4213 650 4242 ²
664 4208 775 4282 Urbem]
792 4216 800 4242 ‘
814 4207 915 4262 Orbem’
928 4214 954 4262 iu
968 4214 1024 4262 lus.
