2970 5016
365 464 505 514 emaus
528 464 800 514 nrsronrsnun.
988 451 1057 517 203

102 624 221 687 orbem
241 620 392 699 confixa,
414 629 451 685 et
471 640 576 704 supet
598 622 740 687 dorsum
760 623 952 705 peccatoris
980 641 1056 688 eam
1069 640 1192 739 maog

105 721 317 786 truculenter
356 721 575 785 revolventes
615 722 756 785 dorsum
787 729 899 785 totum
937 724 1173 788 crebrommsu

104 829 141 885 et
163 820 354 883 flammanti
385 826 503 883 rotatu
535 821 786 897 contriverunt,
818 838 1059 903 nummosque,

104 938 194 1001 quos
215 939 275 983 ore
299 918 412 982 hianti
436 919 636 998 angustiose
660 918 906 1000 deglutiverat,
928 939 1059 1002 augus-

105 1018 228 1083 tiosius
251 1036 312 1099 per
333 1017 500 1081 vomitum
523 1017 667 1100 rejicere
687 1018 947 1099 compulerunt3
969 1038 1060 1101 quos

105 1135 185 1180 cum
208 1116 430 1192 evomuisset,
447 1115 557 1199 jussit
580 1135 640 1179 eos
665 1116 828 1197 colligere
849 1116 995 1194 daemon,
1018 1124 1060 1181 nt

107 1216 149 1279 de
178 1215 249 1278 illis
280 1214 385 1278 simili
416 1213 519 1277 modo
547 1214 673 1277 iterum
704 1215 904 1294 cibaretur;
936 1223 1059 1298 postea

108 1333 189 1378 vero
220 1313 368 1377 ministri
396 1312 539 1377 tartarei
570 1312 608 1375 in
635 1312 788 1377 furorem
818 1315 911 1379 versi
943 1314 1059 1378 omnia

106 1431 186 1494 quae
208 1412 409 1494 supradicta
430 1419 512 1475 sunt
532 1418 704 1475 tormenta
725 1411 760 1473 in
784 1431 861 1474 eum
885 1413 1060 1494 expende·

108 1519 201 1574 runt.
254 1509 356 1573 Uxor
383 1528 466 1573 vero
494 1508 570 1593 ejns
601 1510 637 1571 in
663 1508 745 1572 sede
768 1509 918 1590 quadam
948 1512 1060 1592 ignita

107 1616 144 1672 et
165 1608 324 1672 aculeata
343 1626 543 1690 compressa
563 1607 717 1684 sedebat,
740 1626 783 1671 eo
806 1608 899 1690 quod
923 1609 961 1671 in
982 1609 1061 1690 plu·

107 1708 203 1770 ribus
228 1706 382 1770 ecclesiis
410 1725 473 1788 pro
499 1705 649 1787 quodam
673 1706 803 1771 annulo
825 1708 1060 1770 excommuni-

107 1805 182 1869 cari
200 1805 341 1882 iecerat,
359 1824 463 1887 quem
482 1805 520 1868 in
541 1805 669 1868 scrinio
690 1824 755 1869 sno
774 1806 977 1886 ignoranter
998 1825 1060 1886 po-

108 1911 227 1968 suerat
250 1911 288 1967 et
313 1904 467 1967 furatum
498 1921 574 1967 esse
605 1903 764 1981 dicebat3
797 1922 819 1966 a
847 1924 919 1986 quo
949 1912 1059 1968 trans·

109 2003 297 2083 gressionis
324 2002 461 2085 piaculo
495 2021 672 2083 nunquam
701 2001 815 2066 suerat
845 1990 1017 2078 absoluta,
1040 2022 1062 2066 a

108 2101 194 2165 dirae
211 2101 332 2166 mortis
354 2101 472 2164 subita
495 2101 702 2164 necessitate
722 2109 910 2182 preventa.

374 2270 424 2335 De
440 2269 582 2335 adnitere
599 2279 627 2335 et
642 2271 799 2337 adultera.

160 2391 345 2456 Adductus
372 2400 426 2456 cst
452 2401 532 2475 post
558 2393 657 2457 illurn
681 2394 726 2457 ad
749 2394 984 2476 spectaculum
1008 2395 1063 2457 su·

109 2493 278 2555 riosorum
308 2491 502 2555 daemonum
527 2491 664 2557 adulter
690 2511 767 2555 cum
793 2492 963 2569 adultera,
991 2493 1062 2574 qui,

110 2590 206 2653 ioeda
221 2589 351 2672 pariter
368 2590 547 2673 conjuncti
561 2591 700 2673 copula,
716 2591 932 2673 turpissimos
947 2597 1062 2654 motus

111 2707 276 2754 venereos
311 2696 502 2771 gestusque
538 2689 731 2772 impudicos
759 2707 837 2751 cum
870 2689 981 2752 multa
1008 2688 1063 2751 sui
1150 2733 1154 2741 .

110 2786 313 2853 confusione
344 2805 387 2850 ac
417 2786 613 2851 daemonum
646 2788 914 2868 exprobratione
947 2786 1063 2868 palam

111 2886 270 2949 omnibus
295 2884 527 2968 replicaruut;
550 2885 685 2962 deinde,
707 2884 807 2966 quasi
833 2887 868 2949 in
893 2885 1063 2949 insaniam

111 2985 215 3061 versi,
231 2983 428 3048 alternatim
445 3003 484 3047 se
498 2984 709 3049 corrodendo
722 2984 934 3062 lacerabant,
952 2984 1064 3047 illum·

111 3102 177 3165 que
204 3082 455 3165 superficialem
486 3101 650 3160 amorem,
678 3102 783 3165 quem
812 3083 908 3165 prius
937 3082 1063 3147 babere

112 3180 330 3258 videbantur,
360 3181 398 3244 in
427 3181 667 3246 crudelitatem
702 3189 1003 3246 commutaverunt
1028 3188 1064 3246 et

111 3279 255 3358 odium;
285 3280 507 3362 postmodum
533 3300 629 3357 vero,
663 3280 825 3343 membris
855 3281 1014 3345 omnibus
1043 3298 1065 3343 a

113 3378 217 3441 turba
243 3378 376 3442 furiosa
404 3378 574 3454 dissectis,
601 3398 741 3461 poenam
769 3379 883 3442 sortiti
910 3387 992 3443 sunt
1018 3379 1065 3441 si·

111 3476 226 3540 milem
262 3476 517 3557 praedictorum.
580 3477 756 3540 similibus
786 3485 902 3540 autem
933 3494 1063 3553 omnes,

111 3575 171 3658 qui
190 3574 347 3651 aderant,
366 3573 592 3639 fornicatores
613 3575 855 3656 affligebantur
872 3574 1065 3650 tormentis,

109 3691 189 3755 quer
213 3692 278 3755 pro
301 3673 357 3736 sui
381 3672 631 3756 suppliciorum
659 3674 876 3737 imunitate
903 3672 1064 3755 scriptori

110 3772 285 3836 silentium
302 3758 497 3854 imponunt.

443 3945 492 4010 De
508 3943 740 4009 detractoribus.

177 4069 276 4133 Inter
304 4068 391 4133 alios
414 4087 553 4150 quoque
581 4068 726 4130 miseros
751 4066 821 4129 duo
847 4066 890 4128 de
916 4065 1064 4146 collegio

110 4169 345 4234 detractorum
374 4169 410 4232 in
442 4167 591 4232 medium
624 4172 706 4229 sunt
740 4163 891 4241 adducti,
917 4183 1064 4246 quorum
