2970 5016
383 431 452 496 2⁰⁰
640 445 776 494 noorai
798 445 846 493 nu
868 445 1077 493 wsunovua

226 619 283 658 amu
291 619 349 658 ms
387 602 619 685 superbientis
643 618 760 664 coram
787 598 1001 663 daemonibus
1029 597 1249 662 adinvicem
1277 618 1342 680 ap-

225 669 345 758 'sepem‘
388 700 633 784 plaudentibus
666 699 848 776 recitavit;
878 698 997 760 cervix
1031 697 1190 778 erigitur,
1220 698 1341 762 vultus

388 799 572 875 attollitur,
594 797 686 862 oculi
708 815 787 860 cum
805 795 957 859 arcuatis
980 795 1174 877 superciliis
1191 806 1341 878 surgunt

388 898 425 961 in
441 897 653 980 obliquum,'
643 897 825 978 imperiose
838 894 980 958 tumidis
996 894 1134 957 intonat
1142 894 1269 970 verbis,
1285 895 1340 958 lu-

389 995 477 1060 dunt
499 996 644 1071 humeri,
659 995 720 1058 vix
740 993 883 1057 brachia
901 992 991 1056 serre
1010 1011 1083 1074 prae
1104 991 1198 1055 fastu
1219 994 1341 1057 valeu-

390 1103 456 1171 tes,
477 1093 627 1158 ardescit
641 1092 760 1156 oculus
780 1091 948 1174 vultuque
966 1090 1130 1167 minatur,
1147 1092 1183 1153 iu
1204 1091 1340 1155 ortillos

390 1211 536 1274 surgens
565 1210 664 1254 crure
692 1197 764 1254 stat
788 1191 939 1266 inverso,
969 1190 1004 1252 in
1035 1198 1157 1270 pectus
1184 1189 1341 1272 [ex]ten·

390 1290 496 1368 ditur,
512 1290 639 1354 collum
656 1289 809 1372 supinat,
823 1288 923 1353 vultu
940 1286 1077 1362 candet,
1092 1288 1213 1370 ignitis
1230 1289 1340 1351 oculis
1428 1370 1432 1376 .

391 1391 476 1452 iram
506 1389 755 1471 prognosticat,
787 1405 977 1468 nasumque
1005 1385 1116 1468 digito
1145 1388 1342 1468 percutiens

391 1506 519 1568 magona
544 1488 716 1564 minatur3
749 1486 800 1549 sic
823 1492 967 1549 ventosa
992 1484 1156 1566 snperbia
1183 1482 1228 1549 de
1249 1485 1343 1549 sacili

393 1594 536 1667 turgens
559 1586 665 1649 risum
691 1585 869 1668 praebebat
895 1584 1074 1666 spiritibus
1102 1585 1342 1648 monstruosis.

394 1685 531 1749 Etcum
550 1683 594 1748 de
610 1684 765 1747 vestibus
789 1683 1007 1764 gloriaretur,
1021 1683 1245 1765 manicasque
1260 1702 1342 1746 cou-

393 1784 525 1848 suendo
551 1783 814 1863 constringeret,
840 1781 955 1845 subito
973 1781 1008 1843 iu
1037 1782 1174 1862 igneam
1196 1780 1342 1845 formam

394 1889 509 1945 vestes
540 1900 717 1946 conversae
747 1889 858 1945 totum
889 1898 1016 1961 corpus
1048 1879 1163 1942 miseri
1194 1879 1343 1944 bominis

394 1981 607 2057 exurebant;
632 1980 805 2042 doemones
819 1979 968 2061 denique
988 1979 1040 2041 ira
1060 1977 1344 2042 incandescentes

395 2079 601 2142 tridentibus
630 2079 797 2160 uncisque
823 2077 943 2140 ferreis
971 2084 1007 2140 et
1034 2077 1153 2158 ignitis
1180 2076 1343 2141 miserum

394 2176 610 2239 membratim
627 2176 836 2257 discerpunt.
889 2175 989 2239 Unus
1004 2183 1119 2239 autem
1138 2194 1182 2238 ex
1197 2177 1248 2239 eis
1268 2175 1343 2239 adi-

395 2293 472 2357 pem
491 2293 568 2337 cum
595 2275 671 2356 pice
694 2282 730 2338 et
745 2274 823 2337 aliis
842 2273 1087 2356 liquaminibus
1107 2274 1142 2336 in
1166 2276 1345 2356 sartagine

394 2372 540 2438 ferventi
570 2380 705 2436 torrens
733 2373 871 2454 singula
901 2373 1054 2436 membra
1085 2372 1259 2454 discerpta
1288 2394 1342 2437 re-

396 2472 521 2553 spersit
535 2491 611 2534 cum
627 2471 688 2534 illo
708 2472 860 2552 unguine
882 2470 1052 2547 bullienti,
1074 2470 1166 2535 etad
1189 2471 1346 2552 singulas

396 2570 562 2633 daemonis
585 2571 814 2652 respersiones
837 2570 991 2633 membra
1012 2568 1193 2633 stridorem
1213 2571 1346 2634 emitte-

395 2669 493 2746 bant,
504 2669 601 2732 velut
612 2688 689 2732 cnm
701 2687 792 2751 aqua
800 2668 926 2750 frigida
938 2668 1118 2752 projicitur
1128 2670 1164 2730 iu
1174 2670 1346 2749 sanguine

395 2768 575 2846 bullienti;
610 2787 756 2849 cumque
781 2769 933 2831 membra
952 2768 1002 2830 sic
1023 2767 1208 2831 torrefacta
1232 2767 1346 2833 denuo

397 2866 499 2929 simul
525 2866 671 2929 fuissent
693 2867 949 2949 compaginata,
971 2866 1140 2948 superbus
1161 2865 1220 2928 illc
1245 2866 1348 2930 rediit

397 2966 432 3026 in
448 2973 576 3029 statum
595 2963 751 3046 priorem.
808 2964 964 3047 Moxque
987 2964 1030 3027 ad
1053 2965 1215 3027 miserum
1230 2983 1346 3028 acces-

397 3070 517 3127 serunt
539 3062 756 3126 malleatores
784 3063 901 3126 herebi
922 3082 1000 3126 cnm
1022 3063 1156 3126 malleis
1179 3070 1214 3126 et
1237 3064 1348 3127 tribus

397 3160 533 3224 laminis
559 3161 677 3242 ignitis
700 3161 825 3245 triplici
854 3162 972 3225 ordine
1006 3162 1166 3237 clavatis,
1192 3162 1349 3245 duasque

397 3258 544 3323 laminas
571 3260 606 3321 in
631 3261 795 3323 anteriori
820 3268 919 3343 parte
938 3260 1093 3342 corporis
1118 3260 1160 3325 ad
1186 3260 1348 3324 dextram

397 3359 499 3422 etad
522 3358 697 3422 sinistram
722 3360 962 3441 applicuerunt
985 3367 1112 3423 etcum
1135 3359 1244 3422 clavis
1266 3379 1349 3423 can-

397 3457 556 3522 dentibus
586 3457 770 3521 crudeliter
795 3477 873 3521 cum
900 3457 1033 3521 malleis
1053 3456 1259 3537 affixerunt3
1294 3459 1348 3522 bae

398 3563 512 3619 autem
533 3556 670 3620 laminae
692 3575 714 3619 e
739 3556 883 3639 pedibus
907 3557 1109 3640 incipientes
1131 3555 1349 3621 deduceban-

399 3662 456 3718 tur
485 3675 547 3737 per
570 3655 673 3718 tibias
699 3662 734 3718 et
757 3654 887 3718 femora
909 3656 1086 3737 usquead
1115 3655 1288 3732 humeros,
1313 3665 1349 3721 et

398 3753 448 3817 ita
467 3754 740 3817 recurvabantur
760 3754 795 3816 in
814 3754 927 3833 collo,
950 3755 1053 3817 tertia
1073 3774 1156 3818 vero
1176 3754 1307 3818 lamina
1327 3775 1350 3820 a

399 3853 608 3932 genitalibus
626 3851 794 3933 incipiens
811 3873 872 3935 per
884 3861 1040 3918 ventrem
1060 3854 1226 3935 usquead
1244 3855 1350 3918 verti·

399 3969 471 4013 cem
496 3952 702 4032 attingebat.
756 3951 912 4034 Cumque
934 3952 1036 4016 miser
1053 3952 1111 4014 ille
1135 3953 1350 4035 praescriptis

400 4049 592 4114 diutissime
619 4049 830 4131 affligeretur
854 4051 1046 4128 tormentis,
1074 4051 1288 4115 truculenter
1316 4055 1352 4115 in

399 4148 513 4212 sedem
530 4150 709 4231 pristinam
728 4149 1014 4233 [retrudebatur]‚
1032 4151 1067 4213 in
1081 4170 1150 4233 qua
1166 4151 1352 4233 repositus,
