2970 5016
460 453 599 501 rannus
623 454 895 504 rnsronmuuu.
1076 439 1142 504 345

191 612 310 675 literas
340 612 543 694 accepisset,
569 619 609 676 ut
634 611 745 675 dictos
772 619 953 693 magnates
977 629 1039 694 per
1065 629 1143 674 cen·
1156 629 1280 671 eamn.

192 730 309 774 suram
325 710 594 774 ecclesiasticam
612 731 634 774 a
650 712 889 793 persecutione
912 710 1004 791 regis
1027 707 1143 772 refrae-

193 817 305 886 naret,
338 810 413 892 ipse
441 809 475 872 id
509 809 622 872 facere
654 810 875 873 dissimulans
906 810 950 872 ab
981 807 1144 890 episcopo

192 908 428 973 Wintoniensi
462 916 497 972 et
528 909 601 971 suis
628 909 867 991 conjudicibus
899 927 921 971 a
950 907 1144 970 divinorum

195 1007 425 1071 celebratione
452 1015 488 1071 et
510 1006 667 1088 ingressu
691 1007 846 1072 ecclesiae
869 1014 922 1070 est
945 1024 1145 1088 suspensus,

194 1106 313 1188 sicque
329 1106 371 1169 ad
388 1106 571 1170 concilium
589 1125 778 1188 properans
798 1105 989 1169 manifestis
1010 1103 1146 1167 indiciis

196 1224 233 1268 se
250 1204 355 1268 fuisse
372 1205 554 1287 praeceptis
576 1192 777 1287 apostolicis
800 1204 961 1269 rebellem
983 1202 1147 1266 ostendit.

198 1304 268 1367 His
287 1311 322 1367 et
337 1303 414 1367 aliis
438 1303 555 1367 multis
577 1305 613 1366 in
637 1304 728 1367 bunc
750 1306 888 1368 modum
904 1302 1076 1383 allegatis,
1092 1321 1148 1364 ar-

198 1403 449 1485 chiepiscopus,
469 1404 570 1485 quasi
592 1404 772 1466 convictus
787 1410 822 1466 et
839 1422 908 1466 non
931 1401 1149 1465 mediocriter

197 1501 374 1573 confusus,
401 1502 486 1565 nibil
518 1501 707 1584 respondit,
738 1502 804 1564 nisi
831 1501 923 1584 quod
952 1519 974 1563 a
1004 1519 1149 1581 suspen-

198 1602 295 1664 sione
324 1601 516 1682 postnlavit
542 1601 698 1678 absolvi;
732 1602 787 1664 cni
819 1619 910 1682 papa
938 1618 1017 1662 cum
1038 1598 1148 1678 indig-

200 1701 338 1764 natione
349 1699 418 1762 tale
432 1699 542 1763 fertur
550 1698 686 1762 dedisse
700 1703 929 1781 responsnm,‘
939 1698 1074 1774 Frater,
1088 1715 1151 1778 per

200 1806 358 1862 sanctum
377 1797 533 1873 Petrum,
549 1818 616 1861 non
635 1799 685 1861 ita
699 1798 741 1860 de
762 1798 855 1861 sacili
870 1797 1072 1861 beneficium
1088 1796 1149 1858 ab·

201 1897 383 1961 solutionis
404 1897 618 1978 impetrabis
640 1898 786 1980 quinon
805 1897 916 1960 solnm
933 1896 1000 1978 ipsi
1016 1893 1150 1975 Anglo·

201 2016 276 2059 rum
295 1996 381 2075 regi,
398 2015 516 2059 verum
533 1997 637 2060 etiam
665 1995 835 2059 Romanae
856 1995 1023 2071 ecclesiae,
1045 2001 1098 2057 tot
1116 1999 1152 2056 et

203 2095 291 2159 tales
318 2093 463 2176 injurias
490 2095 664 2176 irrogasti.
716 2094 888 2159 Volumus
910 2111 1049 2177 qnoque
1072 2110 1152 2154 cum

202 2194 306 2275 plena
321 2191 466 2257 fratrum
484 2201 679 2257 nostrorum
695 2194 942 2258 deliberatione
958 2192 1152 2266 decernere,

203 2292 354 2374 qualiter
381 2300 454 2355 tam
484 2293 703 2355 temerarium
737 2293 919 2375 puniamus
950 2287 1153 2355 excessum?

203 2389 373 2466 Tandem,
384 2390 502 2455 habito
519 2410 622 2473 super
638 2391 703 2455 hoc
720 2411 798 2455 cum
814 2390 1047 2455 cardinalibus
1061 2396 1152 2452 trac·

205 2496 293 2565 tatu,
310 2490 545 2572 suspensionis
562 2491 771 2555 sententiam
794 2489 829 2551 in
852 2490 964 2570 ipsum
989 2486 1155 2568 archiepi-

204 2607 346 2670 scopum
363 2589 567 2670 subscriptis
581 2589 691 2653 literis
709 2587 951 2667 confirmavit3

228 2764 278 2826 De
292 2764 518 2846 confimatiom
531 2765 736 2848 suspensionis
752 2764 886 2849 ejusdem
899 2760 1131 2846 archiepiscopi.

258 2880 520 2951 ‘Innocentius¹
536 2888 730 2969 episcopus,
748 2885 918 2949 universis
930 2882 1157 2947 Cantuarien·
1170 2903 1307 2953 irruamu-

207 2986 256 3047 sis
281 2985 434 3048 ecclesiae
459 2985 700 3067 suffraganeis,
723 2987 881 3049 salutem.
933 2982 989 3046 Ad
1006 2955 1274 3046 commu-m?

209 3104 285 3147 nem
302 3084 460 3149 volumus
484 3085 642 3149 notitiam
668 3086 859 3167 pervenire,
885 3082 977 3165 quod
999 3101 1061 3145 nos
1084 3100 1161 3144 sus-

210 3184 383 3266 pensionis
400 3185 621 3260 sententiam,
631 3203 734 3267 quam
747 3182 954 3246 venerabilis
964 3182 1158 3244 fraternos·

209 3291 261 3346 ter
290 3282 331 3345 P.
348 3281 601 3346 Wintoniensis
625 3284 820 3364 episcopus,
843 3288 879 3343 et
898 3279 1045 3342 dilectus
1069 3278 1160 3341 filius

211 3380 253 3444 P.
271 3380 516 3459 subdiaconus,
538 3381 769 3444 etfamiliaris
788 3386 905 3445 noster
924 3376 1159 3441 Norwicensis

210 3480 352 3556 clectus,
375 3482 409 3542 in
431 3480 657 3563 Stephanum,
681 3479 967 3543 Cantuariensem
990 3475 1160 3556 archiepi-

209 3598 365 3659 scopum,
394 3580 602 3644 auctoritate
626 3579 819 3660 apostolica
846 3575 1076 3660 protulerunt,
1103 3593 1160 3636 ra·

210 3684 280 3740 tarn
296 3677 473 3754 habemus,
493 3686 528 3742 et
549 3679 768 3761 praecipimus
784 3674 1029 3739 inviolabiliter
1047 3674 1160 3735 obser-

211 3777 286 3839 vari
308 3776 415 3840 donec
439 3777 529 3840 idem
553 3777 845 3858 archiepiscopus,
868 3775 928 3857 qui
950 3791 1025 3835 eam
1050 3771 1161 3833 humi·

210 3875 290 3939 liter
312 3883 441 3952 servat,
459 3884 632 3940 mereatur
647 3877 691 3939 ab
714 3876 802 3956 ipsa,
820 3874 928 3957 juxta
944 3872 1089 3934 formam
1105 3889 1161 3933 ec·

210 3975 325 4039 clesiae
354 3977 514 4040 cautione
547 3975 719 4058 praestita,
746 3972 907 4049 relaxari,
930 3990 999 4033 uno
1023 3969 1163 4034 vinculo

478 4188 671 4260 'lamentiss.]
694 4193 796 4255 Rymer‚
808 4192 825 4241 i.
838 4207 864 4253 p.
878 4195 934 4240 139.
