2970 5016
337 468 405 534 280
594 479 732 527 noorai
756 478 803 526 nn
825 477 1032 525 wranovna

179 649 301 691 mma
339 637 506 701 ditionem
527 634 725 720 compulsos
747 637 782 698 in
797 635 944 700 vinculis
957 634 1201 710 abduxerunt3
1218 627 1289 694 ¹Ar·

340 737 428 800 riam
455 755 594 819 quoque
616 736 793 799 obsidione
819 735 991 799 vallantes
1017 733 1290 816 subjugaverunt

338 845 377 899 et
392 837 473 917 igne
489 836 764 898 combusserunt.
816 834 980 898 Castrum
1000 842 1116 896 autem
1131 831 1175 895 de
1191 831 1291 894 Liens

342 955 404 1018 per
419 934 584 998 insultum
603 944 780 1016 ceperunt,
795 943 832 997 et
847 932 976 996 multos
995 931 1121 995 ibidem
1143 950 1292 1012 pereme-

343 1040 425 1097 runt
447 1042 483 1097 et
507 1033 692 1097 nonnullos
725 1040 849 1115 captos
879 1033 915 1095 in
941 1050 1113 1096 carcerem
1138 1029 1291 1093 detruse·

343 1141 444 1212 ruut;
472 1140 668 1214 terramque
685 1131 865 1208 Lodovici‚
880 1131 942 1194 filii
962 1131 1054 1211 regis
1070 1130 1294 1203 Francorum,

344 1233 380 1296 in
402 1233 559 1314 partibus
580 1231 650 1294 illis
671 1232 771 1312 gravi
794 1229 1062 1312 depopulatione
1083 1226 1292 1291 afflixerunt.

345 1331 427 1396 Rex
444 1340 561 1395 autem
577 1330 602 1393 J
604 1329 759 1394 ohannes
780 1330 817 1393 in
839 1329 895 1392 die
914 1327 1165 1411 purificationis
1184 1328 1294 1390 beatae

349 1430 486 1506 Mariae,
503 1430 617 1493 missis
633 1429 781 1493 Romam
797 1448 861 1510 pro
885 1428 1102 1492 relaxatione
1123 1426 1295 1490 interdicti

347 1529 489 1606 nuntiis,
510 1529 603 1611 apud
624 1527 880 1604 Portesmutbe,
900 1528 1021 1608 regina
1036 1526 1174 1602 comite,
1191 1544 1296 1589 naves

346 1628 514 1705 ascendit,
539 1636 575 1692 et
596 1628 688 1692 iufra
710 1627 784 1691 dies
808 1645 940 1710 paucos
963 1628 1000 1689 in
1026 1645 1131 1689 mauu
1156 1626 1237 1689 forti
1261 1631 1296 1687 et

347 1729 503 1792 exercitu
523 1745 649 1806 magno
672 1727 841 1809 applicuit
859 1720 971 1807 ¹apud
993 1725 1203 1808 Rupellam3
1230 1742 1296 1806 quo

349 1827 480 1902 audito,
497 1826 727 1890 veneruntad
744 1845 822 1889 eum
843 1824 943 1889 multi
965 1827 1112 1889 barones
1129 1823 1296 1887 Pictaviae

349 1933 384 1988 et
416 1925 616 1989 fidelitatem
651 1925 702 1988 illi
731 1925 951 2008 juraverunt.
1003 1923 1139 1988 Deinde
1170 1942 1233 1985 rex
1262 1924 1297 1985 in

350 2044 453 2088 manu
482 2024 565 2088 forti
588 2023 813 2106 progrediens
843 2024 992 2105 plurima
1018 2023 1163 2087 castella
1189 2022 1299 2084 inimi·

346 2141 468 2185 corum
486 2142 626 2187 suorum
647 2130 807 2204 potenter
825 2123 1049 2205 subjugavit3
1072 2120 1133 2185 sed
1154 2140 1233 2203 quae
1253 2121 1299 2183 ibi

350 2228 452 2301 gesta
478 2228 572 2297 suut,
591 2221 651 2302 qui
676 2220 812 2302 plenius
836 2240 938 2285 nosse
963 2221 1148 2295 desiderat,
1171 2221 1300 2295 literas,

345 2338 439 2401 quas
453 2318 659 2402 justiciariis
674 2320 746 2383 suis
769 2320 812 2383 de
831 2321 1005 2385 scaccario
1027 2320 1167 2395 direxit,
1186 2319 1299 2400 legere

352 2438 420 2483 non
437 2418 586 2482 omittat.

349 2645 352 2651 .
378 2592 522 2679 Ερὶεεοῑα
540 2594 620 2679 repis
630 2593 788 2659 Jolama
801 2595 838 2660 do
854 2592 973 2658 aolidae
986 2593 1051 2658 suis
1064 2594 1099 2657 ia
1115 2593 1276 2657 Pioweio.

191 2746 266 2789 seis·
277 2747 341 2788 iem
397 2717 437 2783 ‘J
440 2711 619 2795 ohannes,²
630 2718 697 2781 Dei
712 2719 838 2799 gratia,
852 2727 887 2782 et
896 2727 1034 2782 caetera.
1058 2717 1185 2780 Sciatis
1199 2715 1301 2800 quod,

192 2798 334 2897 33le
353 2838 430 2882 cum
455 2818 602 2881 instaret
628 2818 794 2880 terminus
821 2827 1032 2900 treugarum,
1054 2836 1143 2899 quas
1163 2835 1301 2880 conces-

354 2936 509 2981 seramus
532 2916 715 2980 comitibus
736 2917 903 2980 Marchiae
926 2924 962 2980 et
980 2917 1023 2979 de
1040 2914 1148 2996 Angi,
1172 2935 1235 2978 uec
1254 2915 1305 2977 iu-

355 3017 567 3097 venissemus
602 3016 638 3078 in
671 3016 720 3078 eis
754 3035 874 3098 pacem
915 3016 1014 3079 nobis
1052 3015 1303 3096 expedientem,

355 3114 595 3177 transtulimus
609 3134 672 3178 nos
690 3115 745 3178 die
756 3114 904 3178 Veneris
916 3114 1074 3197 proximo
1087 3121 1170 3177 ante
1182 3113 1304 3177 Pente·

356 3220 474 3276 costen
490 3232 568 3276 cum
585 3214 740 3277 exercitu
757 3222 876 3278 nostro
889 3233 998 3296 usque
1009 3213 1216 3288 Miereveut,
1230 3231 1304 3276 cas-

357 3319 447 3375 trum
471 3311 632 3376 Gaufridi
654 3313 696 3376 de
720 3313 891 3390 Lezinan3
916 3321 951 3376 et
965 3313 1047 3376 licet
1068 3311 1265 3375 crederetur
1285 3329 1305 3373 a

354 3411 512 3492 pluribus
539 3412 632 3494 quod
655 3412 732 3494 capi
756 3432 825 3476 nou
846 3419 964 3496 posset
986 3431 1048 3493 per
1069 3410 1250 3487 insultum,
1271 3411 1304 3471 in

357 3511 508 3574 crastino
542 3520 669 3587 tamen,
697 3511 733 3573 iu
763 3512 883 3592 vigilia
915 3518 1045 3576 sanctae
1078 3508 1306 3584 Pentecostis,

357 3609 433 3673 solo
464 3609 596 3673 insultu
625 3628 647 3672 a
674 3629 774 3674 mane
806 3597 987 3693 usquead
1016 3609 1134 3672 horam
1164 3611 1304 3691 primam

357 3707 441 3771 illud
465 3709 617 3790 cepimus
639 3709 818 3773 violenter.
885 3710 952 3773 Die
975 3728 1057 3772 vero
1083 3707 1306 3772 Pentecostes

358 3807 553 3870 obsedimus
586 3807 680 3870 aliud
706 3815 858 3871 castrum
883 3809 993 3891 ipsius
1016 3807 1189 3885 Gaulddi,
1218 3805 1305 3887 quod

397 4004 485 4068 'Apud
502 4007 650 4069 Repellum]
680 4007 761 4056 There
779 4022 822 4056 are
848 4013 902 4069 tou,
920 4008 996 4056 dated
1017 4007 1148 4068 llochelle,
1163 4008 1206 4058 the
1226 4009 1268 4057 stu
1284 4007 1309 4057 ol

359 4079 409 4122 two
426 4075 512 4123 letters
530 4075 559 4123 os
573 4075 651 4135 John,
668 4081 694 4124 to
710 4076 752 4125 the
769 4078 822 4126 carl
849 4078 939 4126 March
953 4081 1034 4134 12143
1053 4077 1127 4138 llyru.
1139 4079 1158 4127 i.
1170 4093 1196 4139 p.
1210 4082 1265 4128 118.

359 4144 478 4207 marshal,
496 4145 547 4193 and
565 4144 606 4194 the
627 4151 694 4194 town
708 4144 737 4193 os
754 4147 822 4195 Can·
1049 4162 1051 4166 ⁴

358 4213 471 4276 terbury,
481 4230 513 4263 on
525 4215 564 4264 hia
580 4230 698 4277 progress
715 4217 740 4264 in
759 4217 819 4266 l'oi-
881 4210 1052 4284 ²dalmatica]
1071 4217 1175 4280 llymer,
1185 4218 1203 4266 i.
1216 4233 1241 4280 p.
1255 4220 1306 4265 lat.
