2970 5016
338 449 383 512 72
590 462 723 510 uocuar
748 461 795 507 ou
817 460 1025 508 wuuuovsa

180 634 236 676 au.
247 635 303 674 11⁰³.
340 614 494 680 servavit
508 616 544 679 in
562 608 736 680 commhni
756 634 874 679 eorum
893 613 1183 696 peregrinatione,
1199 616 1291 681 sicut

336 715 526 798 juramenti
548 722 766 777 sacramento
788 713 879 776 iuter
900 720 1066 795 utrosque
1080 712 1193 777 fuerat
1206 733 1291 777 con-

342 812 527 875 firmatum.
566 811 701 875 Deinde
717 811 951 891 conqueritur,
965 811 1057 892 quod
1074 811 1211 891 siguum
1226 812 1291 874 du-

343 910 394 973 cis
413 908 579 985 Austriae,
601 909 848 990 consanguinei
872 908 938 983 sui,
957 908 1003 971 ob
1022 907 1098 990 ejus
1114 917 1291 990 contemp-

344 1015 418 1070 tum
444 1007 535 1088 apud
558 1006 582 1069 J
584 1025 697 1087 oppen
718 1005 754 1068 iu
776 1005 930 1069 cloacam
951 1005 1233 1088 praecipitaverit,
1254 1015 1291 1071 et

343 1104 578 1167 Theutouicos
610 1122 692 1167 suos
725 1104 761 1166 iu
793 1110 885 1167 terra
919 1111 1042 1167 sancta
1067 1104 1180 1167 verbis
1212 1124 1292 1187 pro-

343 1202 455 1266 brosis
471 1209 508 1266 et
522 1200 624 1265 factis
640 1201 766 1282 ubique
778 1200 1067 1264 dehonestaverit.

282 1330 293 1359 ι
409 1299 520 1382 Super
536 1298 602 1361 hiis
619 1307 735 1363 autem
755 1304 790 1361 et
806 1298 1003 1381 hujusmodi
1023 1298 1205 1362 calumniis
1226 1320 1290 1365 rex

184 1378 273 1407 ‘m'
346 1395 538 1477 Anglorum
557 1397 602 1460 ab
623 1398 831 1480 imperatore
853 1402 1057 1472 conventus,
1078 1397 1235 1477 protinus
1255 1399 1291 1462 iu

346 1493 458 1557 medio
473 1502 570 1558 staua
592 1502 714 1558 contra
734 1493 890 1574 singulas
905 1493 1116 1576 objectiones
1131 1494 1183 1557 ita
1196 1495 1293 1560 lucu·

345 1592 457 1655 lenter
481 1600 517 1656 et
541 1598 784 1672 argumentose
804 1592 1016 1673 respondeus
1038 1593 1226 1673 peroravit,
1252 1602 1293 1658 ut

346 1690 505 1753 omuibus
519 1687 738 1752 admirationi
752 1696 787 1751 et
800 1690 1014 1752 venerationi
1029 1689 1225 1766 haberetur,
1242 1691 1293 1757 ita

345 1787 501 1850 utnulla
521 1786 671 1867 suspicio
690 1786 733 1848 de
755 1784 834 1862 hiis,
855 1786 891 1848 in
913 1787 1038 1868 quibus
1055 1789 1296 1867 accusabatur,

345 1884 381 1946 iu
399 1883 560 1949 cordibus
574 1883 785 1948 audientium
806 1883 952 1948 ulterius
971 1893 1185 1964 remaneret3
1214 1905 1294 1950 nam

347 1981 518 2044 dictorum
535 1979 716 2044 veritatem
739 1988 775 2044 et
796 1981 950 2045 ordinem
969 1982 1129 2045 veridicis
1151 1983 1294 2064 quibus-

348 2077 428 2141 dam
454 2077 701 2141 assertionibus
729 2086 765 2141 et
796 2080 1096 2159 argumentatione
1124 2081 1295 2161 probabili

349 2174 400 2238 ita
429 2174 465 2237 iu
495 2174 605 2237 lucem
634 2176 843 2257 propalavit,
871 2184 912 2239 ut
935 2196 1054 2240 omues
1081 2179 1294 2260 suspiciones

348 2272 466 2346 falsas,
489 2272 613 2352 quibus
641 2273 882 2354 impetebatur,
906 2274 1110 2338 omnimodis
1134 2275 1294 2356 allegati·

348 2369 471 2432 onibus
492 2376 646 2433 cassaret
665 2377 701 2434 et
718 2379 893 2451 gestorum
908 2373 1090 2436 veritatem
1111 2391 1180 2437 uou
1202 2381 1296 2439 tace-

349 2473 421 2545 ret;
454 2466 683 2549 proditionem
713 2487 851 2550 quoque
880 2470 1123 2547 omnimodam,
1145 2471 1202 2533 vel
1231 2472 1295 2535 ali·

349 2564 450 2648 cujus
481 2565 647 2647 principis
679 2567 772 2629 necis
803 2567 1105 2643 machinationem,
1135 2578 1299 2635 coustan-

350 2669 403 2725 ter
416 2661 633 2740 defendebat,
655 2681 813 2727 assereus
832 2682 870 2728 se
892 2683 1027 2746 semper
1040 2664 1114 2728 fore
1135 2674 1296 2748 paratum

349 2761 393 2823 ad
419 2779 518 2824 snam
539 2761 772 2824 innocentiam
797 2762 1013 2842 purgandam
1039 2781 1143 2844 super
1168 2766 1296 2829 talibus

349 2857 614 2940 objectionibus,
644 2866 747 2939 prout
772 2858 991 2940 imperatoris
1018 2861 1114 2923 curia
1142 2863 1296 2928 rationa-

348 2954 463 3017 biliter
477 2954 663 3037 judicaret.
717 2954 874 3038 Cumque
896 2957 1026 3020 diutius
1050 2977 1165 3021 coram
1187 2960 1295 3045 impe·

350 3058 465 3113 ratoro
495 3057 530 3113 et
560 3050 773 3132 principibus
799 3053 875 3136 ejus
896 3053 1133 3132 disertissime,
1159 3064 1200 3121 ut
1222 3067 1298 3123 erat

351 3145 628 3224 facundissimus,
669 3149 867 3231 allegasset,
906 3151 1094 3234 imperator
1124 3154 1297 3220 admirans

352 3250 484 3306 tantam
503 3245 540 3307 in
560 3264 642 3327 rege
659 3247 854 3310 facundiam
877 3250 1040 3327 surrexit,
1062 3259 1110 3328 et,
1129 3256 1298 3319 accersito

352 3341 396 3403 ad
430 3360 468 3404 se
498 3341 587 3423 ipso,
614 3342 690 3426 ejus
720 3345 757 3406 iu
792 3345 912 3409 oscula
945 3348 1026 3424 ruit,
1064 3367 1106 3412 ac
1138 3348 1299 3434 deinceps

351 3439 476 3503 blande
491 3439 683 3522 leuiterque
699 3461 778 3505 cum
794 3462 836 3506 eo
852 3445 990 3524 agebat.
1044 3444 1100 3508 Ab
1122 3446 1182 3511 illo
1200 3449 1296 3512 deui-

351 3555 419 3618 que
442 3537 496 3600 die
520 3539 626 3620 coepit
645 3539 834 3621 imperator
858 3541 974 3605 mitius
998 3560 1101 3623 agere
1126 3551 1162 3608 et
1183 3566 1300 3629 regem

352 3633 565 3698 familiariter
582 3636 761 3701 honorare.

382 3804 473 3878 Quod
487 3825 542 3868 roa·
557 3805 738 3870 Rielordas
748 3828 811 3890 pro
826 3808 1026 3892 redemptione
1039 3829 1097 3872 aaa
1111 3817 1231 3873 matum
1247 3821 1276 3875 et

459 3901 671 3986 quadruplata
688 3903 794 3967 millia
809 3903 965 3968 librorum
971 3908 1069 3987 finem
1076 3907 1202 3988 fecerit.

188 4042 320 4083 nussim
402 4023 472 4086 His
495 4024 547 4087 ita
563 4026 684 4105 gestis,
705 4027 825 4090 amicis
849 4027 929 4090 hinc
956 4028 1036 4091 inde
1059 4029 1302 4107 mediantibus,

188 4101 281 4132 ’Μ’
350 4140 413 4201 pro
441 4122 673 4203 redemptione
707 4125 799 4204 regis
836 4125 966 4187 diutius
1003 4133 1192 4190 tractatum
1224 4137 1299 4205 est;
