2970 5016
346 447 413 514 322
598 459 733 510 monnau
758 461 805 508 nn
828 459 1037 508 wnunovun

185 640 309 682 ιιιιιιι.
347 620 461 684 dictae.
527 617 573 683 Et
600 618 677 682 ideo
707 617 912 682 mandamus
938 614 1039 680 vobis
1067 623 1104 679 et
1135 634 1296 696 rogamus

348 738 411 783 vos
428 718 624 799 diligenter,
634 718 726 800 quod
739 718 785 781 ad
800 724 1077 781 torneamentum
1094 715 1295 797 praedictum

347 837 426 881 cum
454 819 552 899 equis
577 827 612 882 et
636 818 741 880 armis
763 818 814 880 ita
843 816 987 900 provide
1013 814 1177 890 veniatis,
1206 812 1296 896 quod

346 917 512 980 bonorem
538 916 617 980 inde
640 911 824 980 ¹babeatis.
876 914 948 991 Qui
969 913 1094 977 melius
1115 913 1166 976 ibi
1186 912 1296 988 saciet,

348 1015 490 1079 habebit
503 1034 632 1091 ursum,
653 1034 756 1096 quem
779 1015 921 1078 domina
942 1012 1103 1093 quaedam
1124 1011 1241 1075 mittet
1255 1011 1294 1073 ud

348 1121 635 1178 torneamentum.
650 1111 800 1177 Valetess
838 1112 967 1176 Eodem
983 1130 1076 1174 anno
1086 1110 1204 1175 vocati
1219 1117 1297 1172 snut

349 1232 370 1275 a
391 1232 482 1295 papa
499 1213 704 1276 Innocentio
725 1212 848 1275 Romae
867 1211 912 1274 ad
931 1209 1116 1273 concilium
1140 1208 1297 1291 generale

349 1312 486 1394 praelati
506 1312 712 1376 universalis
736 1311 902 1386 ecclesiae,
924 1309 1132 1391 patriarchae
1156 1308 1296 1383 scilicet,

349 1410 609 1492 archiepiscopi,
639 1411 805 1492 episcopi,
832 1408 1029 1490 primicerii,
1054 1405 1296 1480 archidiaconi,

348 1510 470 1572 decani
493 1509 741 1573 cathedralium
767 1508 1003 1582 ecclesiarum,
1023 1507 1182 1583 abbates,
1209 1505 1294 1587 prio·

349 1627 416 1684 res,
433 1608 622 1690 Templarii
637 1615 672 1672 et
690 1606 932 1690 Hospitalarii,
952 1612 989 1668 ut
1005 1611 1246 1686 comparerent
1261 1605 1294 1666 in

348 1707 675 1789 praesentiadomini
692 1724 793 1788 papas
809 1707 845 1769 in
858 1707 942 1768 urbe
957 1705 1124 1769 Romaiu
1140 1702 1294 1767 kalendis

349 1806 570 1884 Novembris,
590 1807 681 1870 sicut
704 1806 907 1869 canonicam
929 1804 1052 1868 volunt
1075 1803 1229 1885 effugere
1248 1802 1293 1865 ul·

347 1905 487 1970 tionem.

396 2075 445 2138 De
460 2073 697 2160 olleyationidae
713 2075 893 2138 nuntiorum
910 2076 989 2160 repis
1003 2072 1130 2159 Arapliae
1145 2096 1249 2140 coram

765 2195 868 2258 Papa

184 2319 247 2360 ιιιιι
248 2329 321 2361 ιιιιι
385 2295 455 2360 Per
469 2296 559 2359 idem
571 2288 730 2377 tempus
737 2303 909 2360 steterunt
919 2296 1065 2361 Romae
1055 2298 1294 2379 inpraesentia

184 2373 334 2460 imi?
346 2395 475 2458 domiui
502 2413 602 2477 papae
624 2394 737 2457 nuntii
762 2397 854 2476 regis
872 2395 1080 2477 Anglorum,
1103 2396 1293 2477 allegantes

185 2469 260 2509 ⁸⁰⁰
345 2514 463 2559 coram
492 2513 534 2558 eo
557 2492 762 2557 rebelliones
787 2501 823 2558 et
846 2494 1004 2578 iujurias,
1033 2512 1123 2576 quas
1148 2496 1294 2559 barones

345 2593 485 2675 Angliae
497 2593 737 2657 excitaverant
750 2592 917 2657 adversus
929 2614 1044 2675 regem
1054 2603 1292 2669 memoratum,

346 2694 527 2774 exigentes
545 2693 590 2755 ab
607 2709 647 2755 eo
670 2691 837 2772 quasdam
859 2693 955 2773 leges
975 2700 1011 2755 et
1030 2692 1242 2756 libertates
1233 2693 1294 2755 rui-

346 2811 446 2873 quaS,
468 2810 555 2873 quas
581 2790 786 2870 dignitatem
813 2792 942 2871 regiam
966 2791 1053 2854 nulli
1074 2791 1194 2854 decuit
1219 2811 1296 2855 con·

346 2889 503 2967 firmare;
536 2896 583 2964 et,
603 2907 680 2950 cum
706 2896 786 2969 post
808 2898 937 2953 motam
962 2890 1051 2953 inter
1078 2909 1138 2954 eos
1163 2888 1291 2954 discor·

345 2987 439 3050 diam
460 3007 522 3051 rex
539 2995 575 3049 et
590 2987 736 3049 barones
749 2987 792 3050 de
813 3007 898 3069 pace
920 2989 1104 3052 tractaturi
1118 2990 1292 3053 multoties

346 3087 600 3161 convenissent,
627 3085 716 3147 idem
744 3105 808 3149 rex
837 3088 973 3167 publice
1000 3095 1214 3169 protestatus
1241 3096 1293 3151 est

346 3202 462 3247 coram
489 3184 552 3258 eie,
584 3202 726 3263 regnum
756 3182 895 3265 Angliae
921 3187 1055 3249 ratione
1077 3186 1222 3250 dominii
1250 3186 1291 3249 ad

347 3282 542 3346 Romanam
569 3283 749 3347 ecclesiam
773 3285 971 3364 specialiter
993 3286 1177 3366 pertinere,
1205 3285 1293 3349 unde

346 3401 410 3446 nec
427 3382 540 3462 potuit
554 3400 617 3445 nec
630 3381 750 3445 debuit
765 3390 892 3463 praeter
903 3384 1149 3447 conscientiam
1164 3383 1293 3447 domini

345 3500 446 3562 papae
467 3481 510 3545 de
528 3498 618 3544 novo
641 3480 771 3561 aliquid
794 3489 946 3545 statuere
962 3483 1018 3545 vel
1044 3482 1230 3564 quicquam
1259 3484 1291 3545 in

344 3579 421 3661 ejus
440 3579 676 3662 praejudicium
699 3579 734 3641 in
750 3599 857 3660 regno
872 3583 1064 3644 immutare.
1120 3580 1292 3659 Quocirca

344 3696 433 3753 cum,
451 3679 656 3760 interposita
681 3679 924 3759 appellatione,
947 3680 1098 3761 seipsum
1121 3688 1158 3744 et
1178 3682 1292 3744 omnia

337 3775 421 3857 jura
444 3777 540 3858 regni
564 3777 619 3839 sui
642 3777 707 3839 sub
733 3779 945 3857 protectione
971 3778 1063 3841 sedis
1089 3779 1289 3861 apostolicae

378 3938 803 4010 ¹Hubeutir]1tappearn,how·
870 3940 1289 3996 ’Sternuntnommaunre

341 4021 409 4070 orer,
419 4010 474 4059 that
490 4011 583 4060 atthis
599 4012 714 4060 timebis
730 4011 803 4060 beart
827 4012 894 4074 regie
902 4012 1046 4074 Anglorarn.
1055 4008 1069 4080 ]
1090 4015 1230 4078 Pendulpb
1243 4015 1289 4065 end

340 4080 548 4129 wusolittlein
565 4081 606 4129 the
623 4095 700 4130 cause
716 4080 746 4130 oi
759 4081 802 4131 the
826 4082 928 4142 nibem
944 4097 987 4131 see
1003 4080 1095 4132 Jobn's
1110 4084 1208 4134 letter
1201 4101 1226 4134 ιιι
1242 4087 1290 4146 ny·

340 4145 440 4207 barone,
451 4148 549 4198 tbathe
565 4149 666 4198 refused
679 4152 800 4199 toutteud
826 4165 888 4212 mer,
899 4153 917 4200 i.
928 4167 955 4212 p
968 4156 1024 4202 1³6.

339 4213 554 4267 tbetournament.
