2970 5016
347 464 414 529 284
616 481 750 529 aoonnr
776 483 822 528 nn
846 481 1052 530 wannovna

185 654 308 695 annu
348 647 534 720 antequam
552 642 596 703 ab
611 638 941 722 axilioinAngliam
960 640 1123 716 redirent,
1147 659 1210 722 per
1232 658 1300 701 ma·
1350 631 1354 638 ’

348 757 428 801 uum
448 738 646 822 Pandulphi
667 740 848 804 duodecim
864 740 973 803 millia
989 758 1125 803 marcas
1138 737 1301 820 legalium

346 838 593 919 sterlingorum
621 839 816 922 accepisse;
848 847 928 921 post
950 839 1138 903 adventum
1164 857 1301 920 quoque

347 955 478 1011 eorum,
499 937 537 999 in
558 938 705 1001 concilio
730 945 856 1002 octavo
882 938 960 1001 idus
981 938 1185 1001 Decembris
1209 937 1299 1018 apud

349 1034 549 1117 Radingum
578 1037 764 1114 celebrato,
791 1036 985 1120 quindecim
1021 1035 1131 1101 millia
1168 1054 1302 1099 marcas

347 1133 450 1197 iidem
467 1135 620 1216 episcopi
642 1156 719 1200 cum
737 1136 915 1200 monachis
931 1136 1139 1218 supradictis
1158 1135 1251 1199 inter
1265 1154 1301 1198 se

347 1231 532 1297 dividenda
550 1243 789 1317 perceperunt,
812 1237 863 1300 ita
885 1235 976 1318 quod
1001 1242 1076 1299 tota
1098 1254 1236 1298 summa
1258 1234 1303 1297 si-

347 1332 419 1394 mul
436 1333 624 1416 conjuncta
645 1334 771 1414 viginti
787 1342 918 1417 septem
939 1335 1084 1398 millium
1102 1353 1299 1410 ,marcarum

347 1430 431 1495 iacit
446 1432 746 1514 complementum.
788 1432 952 1497 Residuae
968 1441 1083 1496 antem
1103 1433 1298 1515 quindecim

347 1530 457 1593 millia
473 1550 612 1609 marcae,
630 1552 709 1614 qnae
725 1530 769 1595 ad
780 1532 1056 1614 supplementum
1069 1532 1298 1614 quadraginta

347 1628 491 1691 millium
522 1649 716 1695 marcarum
750 1630 995 1713 praedictarum
1032 1630 1211 1695 solvendae
1249 1650 1300 1694 re·

347 1734 455 1803 stant,
482 1731 547 1793 sub
576 1729 798 1813 fidejussione
824 1729 1077 1793 Wintonieusis
1100 1737 1137 1793 et
1162 1729 1299 1793 Norwi-

347 1828 459 1890 censis
490 1828 729 1911 episcoporum
758 1836 1008 1905 remanserunt,
1033 1828 1161 1892 additis
1193 1828 1300 1892 literis

347 1927 440 2006 regis
462 1928 662 2008 patentibus
684 1927 727 1991 ad
752 1927 918 2010 majorem
941 1929 1175 2003 securitatem,
1194 1928 1299 2011 juxta

347 2025 438 2104 quod
473 2026 508 2087 in
536 2027 645 2091 literis
675 2025 805 2090 domini
823 2044 936 2109 ‘papae
964 2028 1208 2092 continebatur
1236 2046 1296 2089 er·

347 2141 515 2203 pressum.

608 2247 657 2310 Do
671 2248 863 2313 radicatione
876 2249 1048 2313 interdicti.

183 2407 334 2450 riunena
399 2384 469 2448 His
492 2386 542 2451 ita
562 2388 683 2469 gestis,
703 2387 883 2463 Nicolans,
904 2388 1200 2453 Thuscnlanensis
1226 2392 1296 2473 epi·

183 2459 289 2500 removed.

346 2504 473 2567 scopus
498 2493 534 2550 et
554 2486 755 2569 apostolicae
775 2487 867 2550 sedis
890 2486 1039 2568 legatus,
1062 2481 1115 2551 ¹in
1138 2488 1193 2552 die
1216 2509 1298 2571 apo-

346 2585 514 2649 stolorum
536 2585 630 2649 beati
655 2585 750 2651 Petri
772 2593 806 2649 et
823 2585 938 2664 Pauli,
958 2586 995 2649 in
1014 2587 1161 2651 ecclesia
1179 2589 1297 2652 cathe-

346 2683 446 2761 drali,
473 2685 646 2749 relaxavit
671 2684 869 2750 solemniter
894 2686 1101 2749 sententiam
1125 2687 1297 2751 interdicti

346 2791 530 2865 postquam
545 2784 732 2848 duraverat
749 2784 848 2847 annis
861 2804 937 2860 sex,
952 2784 1126 2848 mensibus
1143 2787 1251 2850 tribus
1263 2793 1298 2850 et

346 2882 466 2945 diebus
484 2882 756 2963 quatuordecim,
771 2883 916 2965 pulsatis
933 2885 1111 2966 campanis
1126 2884 1297 2969 ethymno

346 2981 416 3061 {Te
431 2982 545 3044 Deum
561 2981 757 3045 laudamns'
776 2982 916 3046 excelsa
930 3002 1015 3047 voce
1032 2991 1186 3048 cantato.

364 3175 506 3255 Qualiter
522 3143 638 3263 imatus
652 3178 776 3243 distulit
791 3188 826 3243 ut
831 3180 922 3262 fieret
936 3180 1088 3244 restitutio
1104 3179 1289 3246 citatorum.

397 3315 573 3382 Relaxato
588 3319 719 3400 itaque,
736 3326 775 3381 ut
791 3319 920 3382 dictum
944 3327 1008 3397 est,
1023 3320 1220 3398 interdicto,
1238 3341 1293 3384 ve·

348 3424 473 3480 nerunt
498 3418 540 3481 ad
566 3418 720 3499 legatum
746 3418 901 3495 abbates,
926 3419 1295 3502 priores,Templarii,

348 3514 593 3598 Hospitalarii,
614 3517 811 3592 abbatissae,
828 3517 1007 3594 moniales,
1023 3518 1139 3581 clerici
1156 3527 1191 3584 et
1205 3519 1294 3595 laici,

346 3616 478 3679 scilicet
493 3615 673 3679 innumera
696 3614 891 3692 multitudo,
915 3623 1072 3697 petentes
1096 3617 1139 3680 de
1161 3618 1293 3682 damnis

346 3721 381 3777 et
398 3714 533 3798 injuriis
558 3715 732 3778 interdicti
752 3721 906 3796 tempore
928 3713 993 3777 sibi
1017 3715 1124 3778 illatis
1149 3717 1223 3780 fieri
1245 3736 1295 3780 re-

346 3813 582 3891 stitutionem3
607 3814 807 3877 asserebant
823 3815 926 3889 enim,
943 3814 1047 3895 quod,
1062 3814 1143 3878 licet
1160 3818 1205 3879 ab
1220 3815 1292 3881 An·

345 3911 418 3993 glia
433 3931 502 3975 non
517 3912 677 3988 exierint,
694 3920 931 3976 remanserant
945 3919 1060 3976 tamen
1079 3915 1114 3976 in
1131 3917 1294 3979 continua

380 4109 428 4159 ¹1n
440 4111 480 4160 die
490 4113 650 4174 apostotorum
662 4112 726 4160 beati
734 4113 807 4160 Petri
831 4112 865 4160 cil
876 4117 902 4160 to
913 4112 978 4160 have
989 4111 1053 4159 been
1070 4112 1129 4161 held
1146 4129 1178 4162 on
1194 4114 1236 4161 the
1248 4115 1294 4162 ies·

344 4181 470 4244 etPuuli.]
481 4181 724 4232 Tueauthotlune.
752 4182 806 4230 Tbe
831 4181 893 4229 tival
909 4180 938 4230 oi
952 4181 1093 4230 Proceseue
1110 4184 1160 4231 and
1181 4182 1293 4232 Martini·

344 4248 478 4311 Waverlcy
491 4252 588 4300 Annali
601 4255 665 4300 etate
677 4251 719 4300 the
731 4266 806 4299 coun·
831 4265 905 4311 anns,
916 4250 966 4299 tud
977 4249 1007 4297 oi
1014 4250 1087 4312 July.
