2970 5016
451 454 591 502 suonss
615 455 885 504 rrrsronrrnuu.
1075 442 1141 507 367

190 613 279 676 betis
316 631 440 693 cogere
474 630 528 675 me
561 631 605 675 ne
639 630 830 693 prosequar
854 611 915 695 jus
947 632 1073 689 meum,
1105 622 1275 677 etimne.

190 713 364 794 praecipue
394 712 465 775 tale
491 712 564 794 jus,
595 710 637 774 de
668 730 737 793 quo
775 711 859 773 mibi
896 730 965 775 non
996 713 1142 794 potestis

187 811 361 895 justitiam
388 810 562 874 exhibere.
629 810 732 890 Rogo
759 811 878 893 itaque
903 830 966 874 vos
995 831 1037 874 ne
1063 832 1141 894 pro-

191 910 342 992 positum
365 930 479 973 meum
511 909 733 992 praepediatis
756 910 840 991 quin
867 929 1058 993 prosequar
1081 911 1142 994 jus

191 1029 317 1087 meum,
340 1009 422 1092 quia
447 1028 509 1091 pro
536 1008 739 1071 hereditate
766 1010 886 1072 uxoris
915 1028 1000 1072 meae
1031 1030 1142 1091 usque

192 1108 235 1173 ad
265 1117 423 1185 mortem,
451 1108 481 1172 si
509 1107 698 1170 necessitas
727 1108 892 1188 coegerit,
918 1107 1142 1189 decertabo;’

192 1216 226 1272 et
253 1208 307 1271 his
339 1208 441 1271 dictis
473 1205 679 1270 Lodowicus
712 1225 790 1269 cum
823 1208 895 1270 suis
921 1226 943 1270 a
969 1208 1141 1290 colloquio

192 1308 343 1371 recessit.
403 1305 507 1385 Quod
537 1305 657 1368 videns
682 1305 820 1386 legatus
856 1306 993 1387 rogavit
1025 1327 1141 1388 regem

195 1407 421 1483 Francorum,
441 1414 479 1469 ut
496 1405 633 1468 salvum
655 1405 721 1467 sibi
741 1404 948 1469 conductum
974 1407 1142 1488 praeberet

192 1525 303 1587 usque
322 1505 366 1568 ad
384 1523 501 1583 mare3
525 1504 581 1566 cui
604 1523 666 1566 rex
688 1504 877 1584 respondit,
901 1510 910 1537 ‘
929 1503 999 1568 Per
1015 1513 1142 1570 terram

194 1613 347 1669 nostram
366 1605 540 1685 propriam
556 1603 765 1666 conductum
788 1603 934 1666 libenter
948 1606 1142 1685 praestab03

193 1703 254 1767 sed
275 1705 306 1767 si
325 1703 414 1767 sorte
435 1702 596 1765 incideris
612 1702 648 1764 in
671 1720 794 1764 manus
817 1702 997 1767 Eustachii
1020 1703 1144 1768 Mona-

194 1803 260 1880 chi,
281 1803 337 1866 vei
359 1802 505 1866 aliorum
527 1801 704 1865 hominum
728 1800 917 1877 Lodowici‚
943 1804 1003 1885 qui
1026 1811 1143 1866 custo·

195 1902 294 1966 diunt
318 1903 460 1966 semitas
490 1901 608 1977 maris,
635 1920 704 1964 non
731 1898 815 1963 mibi
839 1901 989 1982 imputes
1008 1903 1039 1965 si
1060 1902 1143 1983 quid

195 2001 259 2065 tibi
284 2001 414 2064 sinistri
443 2000 650 2080 contingat!
716 1998 807 2064 Haec
833 1999 978 2064 audiens
1006 2000 1143 2083 legatus

193 2101 304 2164 iratus
321 2119 342 2163 a
358 2101 454 2164 curia
470 2099 622 2163 recessit.

247 2271 390 2350 Qualiter
404 2269 597 2349 Lodowicos,
614 2279 739 2355 accepta
755 2293 777 2335 a
784 2281 881 2356 patre
896 2272 1034 2350 licentia,
1049 2274 1084 2336 in

542 2370 693 2456 Aapttam
708 2371 800 2435 venit.

248 2493 452 2558 Lodowicus
483 2502 605 2576 postea
637 2495 673 2557 in
704 2493 856 2557 crastino
887 2496 999 2557 sancti
1033 2494 1145 2558 Marci
1157 2510 1310 2600 {mgr

197 2592 421 2674 evangelistar
463 2594 556 2675 apud
594 2593 717 2656 Melun
750 2593 893 2656 veniens
930 2592 974 2656 ad
1011 2600 1249 2675 patremrann.

197 2713 309 2769 suum,
333 2693 472 2773 rogavit
498 2712 576 2755 eum
603 2710 681 2755 cum
710 2692 907 2774 lachrymis,
936 2710 979 2754 ne
1006 2692 1061 2754 sui
1087 2693 1145 2755 iti·

195 2793 287 2856 neris
309 2792 523 2874 propositum
547 2791 749 2872 impediret3
772 2790 905 2854 addidit
920 2792 1037 2867 etiam,
1052 2791 1145 2873 quod

197 2892 384 2954 baronibus
399 2888 541 2971 Angliae
555 2889 792 2972 juramentum
814 2890 1036 2971 praestiterat,
1052 2889 1145 2971 quod

197 2990 281 3071 ipsis
306 2989 442 3053 veniret
464 2990 500 3051 in
532 3008 747 3066 succursum,
778 2988 869 3052 unde
896 2990 1075 3070 praeelegit
1100 2989 1145 3052 ad

197 3096 333 3170 tempus
352 3089 644 3152 excommunicari
661 3107 683 3151 a
700 3108 804 3171 papa,
820 3107 924 3171 quam
945 3089 1072 3152 crimen
1092 3087 1146 3151 in·

195 3206 333 3251 currere
352 3186 528 3250 salsitatis.
581 3186 714 3250 Videns
737 3195 852 3250 autem
876 3207 939 3250 rex
957 3189 1146 3252 constanti-

196 3305 252 3350 am
276 3287 338 3349 filii
363 3286 416 3348 sui
444 3293 480 3349 et
508 3287 613 3349 animi
640 3287 837 3366 angustiam
863 3286 1039 3349 licentiam
1066 3306 1147 3349 con-

196 3386 301 3449 cessit
330 3385 381 3447 ilii
412 3392 448 3448 et
475 3404 552 3447 cum
587 3386 824 3450 benedictione
853 3384 994 3448 dimisit.
1046 3385 1146 3448 Tunc

197 3483 414 3560 LodowicuS,
435 3483 550 3546 missis
572 3485 616 3546 ad
635 3484 766 3547 curiam
790 3484 986 3548 Romanam
1004 3485 1146 3560 nuntiis,

195 3584 256 3667 qui
280 3584 329 3647 ibi
352 3581 424 3665 juS,
451 3583 543 3666 quod
570 3584 635 3647 sibi
662 3583 705 3646 de
732 3603 839 3664 regno
860 3581 1001 3664 Angliae
1026 3584 1144 3646 vendi·

196 3685 311 3759 cabat,
336 3701 453 3745 coram
482 3681 622 3747 domino
650 3701 742 3765 papa
767 3688 1054 3764 protestarentur,
1080 3683 1145 3744 sub

196 3782 289 3845 omni
313 3781 491 3844 celeritate
518 3800 594 3843 cum
617 3782 813 3857 comitibus,
836 3780 1034 3857 baronibus,
1057 3780 1146 3843 mili·

195 3881 287 3943 tibus
312 3888 348 3942 et
368 3880 597 3944 servientibus
625 3880 755 3957 multis,
772 3881 832 3963 qui
858 3899 974 3943 secum
992 3880 1058 3942 iter
1072 3878 1146 3942 An-

195 3980 371 4061 glicanum
389 3979 607 4062 juraverant,
632 3979 811 4044 festinavit
836 3978 880 4042 ad
905 3998 1011 4055 mare,
1034 3987 1075 4041 ut
1095 3979 1145 4041 le·

194 4087 315 4160 gotum
330 4079 368 4141 in
385 4077 548 4160 Angliam
567 4078 784 4160 praeveniret.
832 4078 1022 4141 Venientes
1039 4077 1146 4159 igitur

194 4178 348 4242 universi
374 4178 418 4241 ad
443 4177 559 4242 Galeis
587 4185 737 4258 portum,
763 4178 970 4241 invenerunt
995 4177 1043 4240 ibi
1068 4195 1148 4240 sex-
