2970 5016
186 943 242 984 M).
254 945 309 983 lala.

186 993 257 1033 Docet
266 993 331 1034 caede

186 1043 323 1132 aar

350 463 417 526 380
606 476 741 525 aocrar
767 476 813 522 ou
836 476 1044 524 wranovua

464 704 514 767 Do
537 704 688 769 odadicne
710 705 807 768 matri
834 705 1018 769 Docereusis
1032 706 1131 787 sactu
1157 726 1181 766 a

739 802 911 866 lodowico.

400 927 530 990 Eodem
547 945 649 1002 auno,
664 927 817 990 instante
837 926 1021 989 nativitate
1038 926 1153 989 sancti
1167 924 1192 988 J
1195 927 1300 989 ohan-

349 1026 402 1087 nis
419 1025 600 1106 Baptistae,
617 1024 823 1088 Lodovvicus
837 1025 873 1086 in
889 1023 1088 1088 fortitudine
1111 1025 1216 1104 gravi
1237 1025 1298 1088 mi-

253 1120 259 1132 '
349 1124 448 1187 litum
470 1131 506 1187 et
528 1125 689 1187 clientum
718 1123 918 1186 Doverensc
944 1130 1097 1186 castrum
1123 1122 1300 1186 obsidione

349 1222 506 1298 vallavit,
538 1222 644 1284 misso
677 1222 772 1302 prins
798 1221 843 1283 ad
869 1230 1003 1302 patrem
1034 1239 1136 1282 suurn
1160 1216 1301 1303 propter

349 1321 548 1402 petrariam,
562 1339 641 1401 quae
657 1318 900 1382 ‘Malveisine'
916 1317 1053 1381 Gallice
1065 1328 1300 1401 nuncupatur,

349 1437 419 1500 qua
440 1438 519 1482 cum
541 1417 709 1480 machinis
731 1417 809 1479 aliis
827 1416 954 1480 Franci
976 1425 1058 1480 ante
1078 1425 1235 1481 castrum
1250 1418 1301 1482 lo·

349 1525 429 1581 cata
452 1536 570 1579 muros
591 1517 718 1579 acriter
739 1516 868 1579 crebris
896 1515 1022 1579 ictibus
1044 1518 1276 1580 verberabant
1290 1538 1307 1595 ;¹

349 1616 410 1678 sed
423 1615 605 1679 Hubertus
622 1615 664 1678 de
679 1615 810 1695 Burgo,
823 1614 921 1678 miles
938 1621 1115 1691 strenuus,
1130 1634 1209 1678 cum
1224 1615 1300 1679 aliis

347 1714 475 1794 septies
502 1712 626 1794 viginti
653 1713 818 1776 militibus
848 1720 885 1775 et
912 1713 1143 1776 servientibus
1170 1714 1301 1791 multis,

348 1813 456 1893 quiin
473 1811 533 1875 illo
550 1817 650 1874 erant
663 1810 853 1874 defensioni
874 1811 1085 1887 insistentes,
1107 1812 1238 1876 multos
1257 1832 1301 1877 ex

348 1910 504 1974 hostibus
535 1916 806 1993 prostraverunt,
839 1909 948 1973 donec
973 1909 1182 1990 Galligenae‚
1211 1932 1301 1974 com-

348 2017 447 2090 perto
468 2010 606 2085 damno,
626 2009 777 2073 tentoria
801 2026 864 2071 sua
888 2015 923 2071 et
943 2009 1121 2072 machinas
1140 2029 1163 2072 a
1186 2018 1299 2074 castro

348 2107 486 2187 longius
504 2115 744 2185 retraxeruut3
771 2107 862 2169 unde
879 2106 1084 2171 Lodovvicus
1101 2108 1211 2171 nimia
1225 2128 1299 2172 suc·

347 2223 471 2267 census
494 2205 546 2265 ira
568 2203 755 2286 pejerando
773 2205 909 2285 juravit
927 2224 964 2269 se
988 2224 1058 2269 non
1084 2224 1299 2271 recessurum

347 2320 538 2383 quousque,
556 2309 660 2381 capto
671 2301 828 2378 castello,
837 2304 961 2367 inclusi
977 2322 1097 2366 omnes
1115 2307 1300 2387 suspendio

347 2399 578 2462 traderentur.
627 2397 907 2463 Construxerunt
920 2421 1058 2483 quoque
1074 2401 1123 2464 ibi
1142 2405 1300 2468 taberna-

346 2498 426 2561 cula
454 2496 565 2560 multa
587 2503 623 2559 et
645 2497 789 2561 aedificia
811 2505 894 2562 ante
914 2498 1093 2562 introitum
1123 2504 1229 2566 castri
1255 2501 1298 2566 ad

346 2603 512 2659 terrorem
535 2593 758 2672 inclusorum,
780 2596 831 2659 ita
850 2605 891 2661 ut
907 2597 1004 2661 locus
1025 2596 1086 2660 ille
1103 2599 1297 2663 similitudi·

346 2713 424 2755 uem
465 2692 696 2757 nundinarum
736 2693 938 2774 praeferret;
975 2696 1177 2776 cogitabant
1206 2699 1297 2760 enim

346 2791 437 2854 farne
460 2797 495 2854 et
515 2790 678 2853 diuturna
705 2791 882 2856 obsidione
907 2792 950 2855 ad
975 2793 1186 2859 deditionem
1208 2814 1298 2859 eom·

243 2929 248 2936 -
346 2891 473 2971 pellere
489 2908 576 2971 quos
592 2889 697 2951 armis
712 2890 899 2971 subjugare
916 2892 1118 2974 nequibant.

513 3064 561 3125 Do
575 3062 715 3145 captiuae
728 3062 848 3128 castelli
862 3064 899 3128 de
917 3063 1128 3151 Conlelrepya

267 3204 308 3254 ag·
396 3184 465 3248 Per
486 3185 576 3248 idem
599 3189 735 3267 tempus
755 3187 912 3267 quaedam
934 3208 1015 3270 pars
1039 3190 1224 3268 baronum,
1240 3194 1297 3276 qui

347 3284 535 3347 Londoniis
566 3295 814 3361 remanserant,
850 3288 1099 3369 equitationem
1130 3289 1296 3356 facientes

345 3383 534 3465 depraedati
560 3392 642 3446 sunt
667 3383 880 3464 provinciam
904 3385 946 3448 de
975 3386 1219 3470 Cautebregge
1244 3397 1296 3454 to·

345 3488 416 3543 tam
451 3491 486 3544 et
515 3482 739 3545 munitionem
772 3482 866 3545 illam
899 3494 1076 3564 ceperunt,
1112 3494 1220 3570 atque
1247 3491 1296 3553 vi-

345 3580 432 3660 ginti
455 3582 657 3655 servientes,
682 3600 769 3662 quos
792 3581 828 3643 in
852 3601 893 3645 ea
912 3584 1129 3661 invenerant,
1145 3588 1294 3651 vinculis

344 3680 626 3743 constrinxerunt
642 3684 677 3741 et
691 3698 807 3742 secum
831 3681 1059 3746 abduxerunt.
1113 3684 1201 3747 Inde
1217 3706 1295 3767 pro·

344 3777 551 3857 gradientes,
582 3777 777 3859 provincias
800 3778 842 3842 de
866 3779 1051 3845 Northfolc
1076 3790 1111 3845 et
1137 3783 1294 3847 Suthsolc

343 3876 606 3957 perlustrantes,
633 3875 830 3956 spoliabant
850 3898 909 3942 eas
935 3899 1013 3943 cum
1038 3880 1192 3944 ecclesiis
1217 3884 1294 3946 uni·

344 3975 472 4053 versis3
496 3975 598 4039 villas
621 3994 758 4056 quoque
779 3974 1046 4056 Gueruemuam,
1064 3980 1293 4045 Dunewicum

342 4080 377 4136 et
407 4073 640 4155 Gipeswicum
669 4074 713 4136 ad
748 4075 1016 4158 redemptionem
1050 4080 1292 4159 gravissimam

342 4173 604 4254 compulerunt;
632 4174 770 4237 taudem
795 4195 857 4257 per
872 4176 1118 4241 colecestriam
1138 4180 1291 4261 praedam
