2970 5016
400 479 537 528 ruonss
564 480 834 530 insronmnuu.
1020 468 1088 534 213

134 639 366 723 praecipimus,
397 637 556 702 utillum
586 640 622 702 in
650 639 946 721 archiepiscopum
975 640 1083 720 eliga·
1098 659 1153 700 nn.
1165 659 1223 700 1207.

135 739 192 814 tis,
216 756 319 819 quem
344 756 406 800 nos
428 737 551 800 damus
571 739 669 802 vobis
694 738 730 802 in
752 746 887 820 patrem
915 746 950 803 et
967 745 1083 820 pasto·

136 857 208 901 rem
226 837 419 900 animarum
434 834 649 901 vestrarum?
689 836 856 900 Monachi
873 857 1009 921 quoque
1025 859 1084 902 ex-

132 936 453 1001 communicationis
468 937 673 1000 sententiam
688 937 862 1000 incurrere
879 944 1083 1015 metuentes,

132 1036 213 1100 licet
235 1034 337 1099 inviti
361 1042 397 1098 et
421 1054 500 1098 cum
524 1037 804 1112 murmuratione,
826 1054 1006 1100 assensum
1030 1043 1084 1100 ta·

132 1154 212 1198 men
241 1134 485 1217 praebueruut3
517 1134 613 1197 solus
639 1154 684 1197 ex
707 1136 866 1199 omnibus
892 1134 1082 1213 monachis,

132 1233 301 1315 magister
330 1230 454 1296 Helias
483 1231 525 1295 de
556 1233 768 1310 Brantefeld,
796 1236 855 1315 qui
885 1254 948 1316 pro
983 1243 1082 1316 parte

132 1333 225 1415 regis
247 1339 283 1396 et
307 1331 461 1414 episcopi
488 1330 722 1395 Norwicensis
748 1333 949 1409 advenerat,
971 1333 1082 1398 noluit

133 1432 340 1508 consentire,
361 1431 477 1495 caeteri
500 1438 616 1494 autem
634 1451 753 1496 omues
769 1450 846 1494 cunr
865 1431 992 1514 hymno
1008 1433 1081 1496 ‘Te

135 1531 249 1595 Deum
270 1530 471 1594 laudamus’
491 1529 638 1594 electum
662 1537 891 1595 memoratum
909 1530 954 1593 ad
972 1531 1083 1595 altare

133 1630 341 1694 detulerunt.
377 1628 512 1692 Deinde
523 1628 655 1693 decimo
667 1630 788 1711 quinto
802 1628 968 1693 kalendas
981 1629 1081 1707 sulii,

132 1732 168 1794 in
183 1729 325 1793 civitate
334 1727 495 1804 Viterhii,
516 1747 537 1792 a
552 1747 645 1812 papa
657 1727 804 1811 praefato
818 1749 943 1793 munus
961 1749 1083 1793 conse·

134 1829 299 1894 crationis
316 1821 498 1909 ¹suscepit.

138 2001 181 2067 Ut
195 2025 288 2088 popo
304 2004 502 2068 Innocentius
524 2002 632 2067 literas
654 2004 772 2067 torserit
787 2004 833 2067 od
852 2025 949 2088 regem
963 2005 1083 2089 Argh-

181 2123 251 2166 rum
259 2103 433 2179 aedoneus,
443 2112 480 2166 ot
490 2102 680 2187 Stephanum
694 2103 839 2188 recuperet
854 2103 891 2167 da
902 2104 1082 2189 nonquam

180 2200 215 2263 iu
228 2201 489 2287 archiepiscopum
496 2202 568 2285 jam
584 2212 798 2266 contemtum.

184 2324 252 2389 His
274 2326 325 2389 ita
349 2326 470 2406 gestis,
493 2344 585 2408 papa
610 2325 835 2389 Innocentius
857 2327 931 2407 regi
947 2324 1243 2425 humo-mpla.

131 2443 207 2487 rum
237 2424 355 2488 literas
384 2424 511 2488 direxit
541 2423 731 2488 exhortans
760 2424 934 2488 humiliter
962 2432 996 2488 et
1022 2424 1186 2488 detoldu-

130 2531 224 2601 vote,
257 2531 295 2587 ut
327 2525 532 2605 magistrum
559 2523 771 2606 Stephanum
795 2523 838 2586 de
864 2523 1080 2605 Langctune,

129 2622 243 2687 sancti
273 2622 492 2708 Chrysogoni
522 2624 761 2707 presbyterum
788 2622 1010 2697 cardinalem,
1035 2622 1079 2685 ad

129 2722 463 2805 archiepiscopatum
492 2720 777 2786 cantuariensem
802 2719 966 2784 canonice
993 2721 1081 2785 elec·

128 2830 217 2898 tum,
244 2822 394 2903 henigne
421 2822 624 2903 susciperet,
654 2828 689 2884 et
714 2821 786 2902 qui,
809 2819 852 2882 de
884 2839 991 2901 regno
1015 2840 1079 2884 suo

131 2921 297 3001 originem
325 2920 467 2997 ducens,
490 2940 559 2983 non
583 2920 694 2983 solum
721 2921 757 2983 in
782 2919 987 2984 secularium
1012 2920 1078 2983 sci·

129 3021 225 3085 entia
248 3019 426 3083 literarum
454 3019 613 3100 magistri
641 3038 765 3083 nomen
790 3019 991 3101 promeruit,
1018 3018 1079 3082 sed

130 3126 167 3183 et
182 3119 303 3182 doctor
321 3138 397 3182 esse
419 3119 455 3182 iu
475 3117 680 3200 theologicis
701 3118 891 3200 disciplinis
906 3139 914 3194 ;
939 3125 986 3196 et,
1002 3138 1079 3182 curn

130 3217 303 3301 praecipue
330 3217 404 3282 vita
429 3218 537 3301 ipsius
562 3226 597 3281 et
622 3237 735 3281 mores
768 3218 921 3282 scientiae
946 3219 1080 3300 magni·

129 3317 284 3381 tudinem
303 3317 485 3394 excedant,
509 3317 585 3401 ejus
602 3335 749 3399 persona
767 3323 837 3380 tam
861 3317 985 3382 animae
1006 3337 1079 3382 suae

129 3435 233 3498 quam
265 3417 401 3498 corpori
435 3417 501 3480 erit
531 3435 599 3479 non
632 3415 848 3480 mediocriter
885 3415 1078 3498 profutura.

132 3515 303 3598 Denique,
318 3534 397 3580 cum
411 3515 529 3580 multis
550 3515 586 3578 in
608 3514 700 3578 huno
715 3515 855 3579 modum
872 3514 984 3579 verbis
1006 3521 1077 3577 tam

128 3614 265 3677 blandis
288 3635 392 3697 quam
417 3614 645 3698 persuasoriis
668 3634 784 3696 regem
807 3613 850 3677 ad
875 3632 1079 3676 consensum

128 3714 289 3778 iuducere
306 3714 526 3797 perstitisset,
549 3711 655 3796 priori
677 3721 713 3777 et
727 3711 905 3776 monachis
924 3712 1079 3775 Cautua·

164 3896 172 3926 ¹
185 3900 320 3963 Suscepit]
338 3901 413 3950 Paris
426 3900 473 3949 has
484 3900 543 3949 here
554 3901 592 3948 in·
617 3901 688 3959 able;
705 3899 726 3947 it
739 3900 763 3946 is
778 3897 868 3959 placed
884 3899 910 3946 in
926 3897 1020 3958 Rymer
1033 3911 1082 3945 un·

129 3969 213 4018 serted
229 3984 246 4018 a
262 3969 336 4018 letter
352 3970 415 4018 irom
432 3970 554 4018 Inuocant
566 3975 592 4018 to
617 3969 664 4018 der
673 3970 716 4017 the
733 3982 794 4028 year
806 3970 884 4015 120⁵:
902 3966 1019 4026 Raynald
1032 3966 1079 4015 has

128 4038 595 4100 John,accornpanyingapresentof
617 4053 634 4087 a
653 4038 782 4099 quotation
804 4035 867 4084 from
890 4037 919 4095 it,
943 4036 993 4084 aud
1015 4037 1035 4083 it
1056 4037 1080 4084 is

128 4109 185 4159 four
200 4109 281 4171 tinge,
292 4109 465 4170 representing
476 4109 519 4157 the
536 4109 594 4157 four
618 4107 718 4170 printed
729 4107 755 4154 in
766 4105 808 4153 the
825 4105 957 4154 collection
967 4104 996 4152 os
1006 4105 1081 4153 luno·

127 4178 240 4227 cardinal
258 4178 354 4227 virtues
365 4194 373 4238 ς
393 4178 441 4226 but
456 4179 498 4227 the
515 4193 593 4240 genu·
618 4177 697 4226 cent’s
707 4177 804 4235 letters,
814 4174 856 4225 ed.
869 4175 1081 4236 louu,l.p.111.

126 4247 352 4311 in'euessolitmay
361 4262 458 4310 appear
466 4249 593 4309 question·
