2970 5016
458 478 598 526 rconns
623 479 892 530 nrsrormruu.
1107 468 1151 532 83

195 631 287 713 quod
311 651 372 694 rex
397 631 589 714 Anglorum
613 637 789 700 accinctus
812 646 903 701 osset
928 638 972 702 ad
995 657 1148 721 pugnam
1162 656 1216 695 Ab·
1230 659 1284 696 ¹¹⁹⁴.

193 738 229 794 et
245 751 379 795 summo
400 732 553 797 diluculo
574 734 805 815 adventurus;
835 757 905 818 quo
923 738 1148 819 Francigenae
1236 781 1240 787 ·

195 849 330 892 rumore
354 832 536 912 perterriti,
562 840 601 896 ut
626 834 687 914 qui
711 834 787 917 ejus
809 836 990 900 audaciam
1020 840 1148 920 saepius

195 930 330 1010 experti
357 930 505 1007 t'uerant,
537 930 716 1011 elegerunt
750 935 867 1015 potius
892 935 1012 1018 fugere
1042 956 1146 1018 quam

193 1046 361 1107 pugnare,
384 1048 462 1090 cum
492 1049 557 1093 suo
587 1050 722 1113 semper
749 1032 876 1097 damno
904 1043 939 1098 et
961 1037 1146 1118 opprobrio

194 1125 391 1190 recedentes
406 1145 428 1190 a
444 1128 579 1191 castris.

232 1313 275 1378 Ut
287 1313 473 1383 Heudonos
486 1319 618 1403 Pauper
631 1321 837 1404 episcopatum
853 1321 1110 1389 sareditarum

586 1419 750 1502 occeperit.

255 1534 324 1599 Per
358 1537 448 1600 idem
485 1545 621 1621 tempus
654 1538 881 1617 Herebertus,
915 1551 1144 1623 cognomento
1157 1567 1179 1605 n
1180 1568 1255 1612 «mun

194 1632 344 1716 Pauper,
369 1634 631 1701 cantuariensis
656 1637 930 1717 archidiaconus,
954 1642 990 1703 in
1012 1641 1143 1724 episco·
1157 1617 1270 1715 {bland

192 1752 273 1813 pum
305 1730 633 1800 Saresbiriensem¹
640 1738 806 1801 canonice
836 1738 966 1802 electus
998 1742 1144 1805 sabbato

193 1831 229 1893 in
258 1830 488 1897 Pentecosten
518 1836 700 1918 presbyter
730 1845 784 1900 est
817 1836 1007 1914 ordinatuS,
1039 1847 1074 1903 et
1107 1840 1144 1903 in
1254 1858 1260 1869 ·

193 1931 344 1993 crastino
369 1933 414 1995 ab
436 1933 694 2017 archiepiscopo
718 1934 961 2000 cantuariensi
983 1935 1143 2001 Huberto

192 2030 284 2109 apud
307 2029 655 2096 westmonasterium
681 2032 862 2115 episcopus
888 2043 943 2099 est
963 2055 1144 2100 consecra-

193 2134 260 2190 tus.
306 2127 437 2194 Eodem
452 2138 607 2213 tempore
624 2151 686 2194 rex
705 2131 918 2196 Francorum
938 2153 960 2196 a
975 2134 1143 2199 Vernolio

192 2226 366 2304 recedenS,
398 2247 442 2291 ne
474 2230 523 2293 nil
557 2249 661 2311 agere
693 2229 877 2308 videretur,
912 2233 1143 2311 castellulum,

194 2324 285 2405 quod
308 2325 438 2390 Fontes
461 2328 668 2411 appellatur,
687 2329 891 2393 furibundus
909 2333 1091 2409 subvertit,
1109 2341 1144 2396 et

193 2423 243 2485 sic
259 2443 337 2488 cum
350 2426 543 2508 qualiquali
557 2427 703 2493 victoria
720 2428 763 2492 ad
778 2430 919 2512 propria
936 2432 1111 2495 remeavit.

283 2616 325 2680 Ut
339 2637 394 2680 rec
407 2615 588 2680 Iticlordas
602 2624 737 2680 murum
752 2615 789 2678 de
803 2615 920 2679 Laches
934 2616 1057 2699 emerit.

245 2734 342 2803 Hiis²
363 2741 414 2804 ita
434 2740 554 2822 gestis,
573 2760 636 2804 rex
657 2737 854 2803 Richardus
877 2737 1027 2800 Turonis
1050 2738 1145 2801 veni-
1129 2750 1251 2840 -gppu

194 2858 254 2901 ens
277 2859 298 2901 a
322 2838 433 2903 Novi·
437 2838 581 2902 castelli
601 2837 842 2918 burgensibus
859 2836 919 2898 ubi
943 2836 1066 2898 beatus
1092 2856 1144 2900 re-
1157 2850 1247 2895 naum

193 2937 338 3049 quiescit
358 2937 543 3013 Martinus
563 2936 632 3000 duo
653 2936 762 2999 millia
783 2954 917 2998 marcas
934 2934 1070 3014 argenti
1087 2955 1145 2999 no-

194 3036 284 3099 mine
313 3037 513 3100 exeniorum
546 3034 710 3118 suscepit.
761 3033 922 3098 Tendens
948 3033 1027 3096 inde
1053 3033 1145 3097 intra

196 3133 278 3198 fines
303 3134 467 3198 Turoniae
500 3134 682 3198 castellum
716 3133 759 3195 de
790 3133 938 3209 Laches,
964 3131 1055 3214 quod
1081 3153 1143 3196 rex

195 3232 406 3297 Francorum
424 3233 561 3298 nomine
576 3232 754 3296 obsidatus
770 3251 792 3294 a
805 3231 945 3295 ballivis
963 3231 1054 3312 regis
1069 3231 1144 3295 An·

194 3332 274 3413 gliae
291 3341 468 3416 receperat
482 3331 563 3395 dum
579 3331 615 3394 in
635 3329 782 3395 vinculis
801 3337 987 3406 teneretur,
1004 3350 1047 3393 ne
1062 3349 1144 3393 cou-

193 3431 390 3496 ventionem
409 3451 514 3514 quam
529 3449 607 3494 cum
625 3429 686 3493 illo
703 3428 832 3493 fecerat
848 3429 1086 3507 infringerent,
1109 3437 1155 3492 et·

193 3529 387 3610 quindecim
400 3529 566 3593 militibus
583 3535 618 3593 et
635 3528 864 3592 servientibus
881 3532 1004 3609 quater
1020 3526 1143 3606 viginti

192 3647 270 3691 cum
302 3629 503 3693 victualium
536 3626 741 3692 sufficientia
768 3623 1028 3690 custodiendum
1053 3642 1144 3687 com-

192 3727 345 3805 miserat,
377 3748 440 3792 rex
465 3727 660 3810 Anglorum
697 3725 831 3789 obsedit
871 3730 907 3788 et
942 3721 1033 3786 infra
1069 3721 1142 3785 dies

192 3845 323 3906 paucos
337 3826 483 3890 viriliter
499 3825 726 3908 expugnavit.
778 3822 878 3886 Tunc
893 3820 1038 3885 venitin
1054 3839 1143 3883 aux-

192 3924 288 3987 ilium
315 3927 407 4007 regis
431 3924 626 4007 Anglorum
654 3924 745 3986 filius
771 3923 863 4004 regis
890 3919 1060 3984 Navarrae
1083 3939 1142 3982 co·

229 4144 366 4197 'erronice
390 4149 506 4213 electam]
535 4150 577 4200 tbe
595 4149 655 4199 auth
716 4143 797 4195 2Ηὶίο
808 4146 844 4193 itu
853 4144 962 4206 gestia]
979 4144 1082 4206 Diceto,
1097 4145 1145 4194 ool.

192 4217 221 4265 ot'
229 4218 320 4277 April;
340 4219 440 4267 Diceto.
682 4219 748 4276 6743
766 4214 900 4276 floveden,
911 4228 937 4275 p.
946 4217 1005 4264 74⁰.

998 4303 1042 4348 cl
