2970 5016
345 444 389 507 76
605 457 737 506 nocem
763 458 809 504 on
833 455 1039 505 wannovna

184 628 306 668 nnana
346 631 468 675 cussus
495 613 586 694 apud
614 612 805 676 Nazareth*
822 613 912 676 inter
940 612 1061 695 epulas
1092 612 1207 677 subito
1233 634 1296 678 ex·-

184 677 285 717 &ludlnb

183 726 291 777 klngdom.

346 711 502 792 spiravit,
530 709 629 793 cujus
661 730 804 792 regnum
837 710 1056 792 Saphadinus
1086 709 1193 774 frater
1219 712 1296 795 eju's

345 808 438 872 illico
452 810 646 890 usurpavit.
700 809 857 872 Fuerunt
871 816 986 873 antem
1003 827 1082 871 oum
1102 828 1143 871 eo
1160 817 1294 891 septem

345 905 407 969 filii
435 906 626 982 Salaadini,
652 915 775 970 contra
801 925 888 988 quos
911 906 973 968 filii
998 904 1181 983 Noradiui,
1205 926 1294 989 quos

345 1003 552 1067 Salaadinus
567 1003 610 1066 de
621 1023 728 1083 regno
744 1012 889 1085 paterno
904 1003 1098 1085 expulerat,
1114 1022 1190 1066 cum
1205 1006 1292 1068 mul·

345 1101 493 1164 titudine
520 1102 706 1164 Persarum
736 1101 975 1165 ascenderunt.
1036 1102 1091 1165 De
1121 1102 1207 1164 istis·
1230 1121 1292 1167 au·

346 1205 415 1261 tem
433 1199 610 1275 fratribus,
633 1199 821 1262 Salaadino
838 1199 998 1263 videlicet
1022 1207 1057 1262 et
1081 1198 1291 1280 Sapbadino,

344 1305 521 1360 eteorum
554 1297 717 1379 progenie
747 1305 782 1360 et
808 1296 954 1360 filiorum
986 1298 1214 1374 successione,
1247 1298 1292 1362 ad

344 1393 496 1458 historiae
520 1394 713 1458 claritatem
740 1413 854 1476 pauca
881 1394 1025 1457 dicenda
1052 1402 1146 1471 sunt,
1172 1396 1290 1477 quiin

344 1493 437 1555 omni
476 1493 631 1556 versutia
670 1492 706 1554 in
751 1492 954 1573 paganismo
997 1492 1155 1555 omnibus
1200 1511 1290 1574 prae-

344 1590 552 1653 eminebant.
604 1589 759 1665 Mortuo,
788 1595 827 1651 nt
849 1589 979 1653 dictum
1004 1597 1069 1664 est,
1092 1588 1290 1668 Salaadino,

344 1688 403 1768 qui
427 1706 549 1750 novem
572 1685 712 1767 reliquit
729 1686 818 1749 filios
841 1687 939 1769 regni
960 1687 1015 1749 sui
1034 1686 1199 1764 haeredes,
1224 1689 1288 1752 Sa-

345 1784 526 1866 phadinus,
557 1783 669 1846 minor
692 1791 789 1860 natu,
814 1803 932 1847 omnes
961 1791 1104 1865 nepotes
1131 1803 1214 1848 suos
1236 1786 1290 1848 in·

346 1883 480 1946 ter-fecit
501 1888 628 1963 praeter
648 1899 767 1957 unum,
783 1882 843 1963 qui
861 1881 896 1943 N
898 1881 1061 1945 oradinus
1077 1883 1289 1960 vocabatur3

344 1979 400 2043 bic
415 1986 509 2042 tenet
524 1984 651 2041 terram
669 1978 712 2041 de
727 1978 879 2059 Halape,
899 1998 976 2042 cnm
994 1980 1152 2042 omnibus
1168 1981 1289 2044 vicinis

343 2076 542 2140 civitatibus
564 2083 600 2139 et
620 2077 744 2140 castris
766 2084 801 2140 et
820 2076 917 2140 villis·
936 2084 972 2140 et
991 2077 1068 2140 aliis
1091 2077 1289 2143 munitioni·

343 2173 419 2250 bus,
435 2193 513 2256 quae
535 2181 617 2237 sunt
642 2174 826 2257 plusquam
849 2175 1017 2238 ducentae.
1071 2173 1289 2255 Sapbadinus

344 2279 471 2348 autem,
485 2271 637 2335 fraterno
660 2273 792 2353 potitus
807 2291 913 2353 regno
930 2280 966 2336 et
981 2272 1163 2352 nepotibus
1180 2274 1287 2336 inter-

342 2369 455 2447 fectis,
483 2369 677 2451 quindecim
703 2369 792 2432 filios
820 2369 953 2455 habuit,
978 2388 1023 2432 ex
1055 2371 1179 2451 quibus
1210 2390 1288 2453 sep-

342 2474 413 2529 tem
439 2468 474 2530 in
504 2468 618 2548 regnis
649 2465 831 2531 homicidio
851 2467 1035 2552 ¹acquisitis
1057 2467 1286 2533 haereditavit.

344 2563 480 2628 Primus
514 2565 662 2628 filiorum
695 2564 771 2646 ejus
805 2563 980 2628 Melealim
1007 2565 1208 2642 vocabatur,
1231 2568 1286 2629 cui

341 2663 435 2726 dedit
462 2663 498 2726 in
528 2662 763 2726 haereditatem
786 2662 830 2724 de
858 2681 896 2724 se
925 2662 1108 2725 tenendam
1133 2660 1287 2727 Alexan-

341 2760 463 2838 driam,
478 2759 719 2841 Babyloniam,
734 2759 902 2842 Kayram,
916 2761 1113 2824 Damietam
1130 2767 1166 2824 et
1182 2759 1284 2824 (lani-

340 2859 439 2935 siam,
463 2878 541 2921 cum
567 2864 642 2921 tota
669 2864 762 2920 terra
788 2857 955 2939 AEgypti3
989 2856 1048 2920 sed
1079 2857 1169 2919 filius
1196 2858 1286 2940 ejus,

342 2958 479 3019 nomine
509 2954 713 3031 Coradinus,
741 2961 835 3018 tenet
864 2956 1087 3031 Damascum,
1116 2954 1285 3020 Hierusa-

340 3052 407 3115 lem
430 3061 465 3115 et
493 3058 603 3115 totam
628 3058 754 3114 terram
780 3051 1066 3128 Christianorum,
1088 3051 1179 3115 inter
1201 3054 1284 3117 eivi-

341 3155 431 3212 tates
453 3155 488 3212 et
503 3149 710 3212 munitiones
732 3157 767 3213 et
788 3158 904 3213 eastra
920 3149 1103 3231 plusquam
1118 3156 1284 3227 trecenta,

339 3254 466 3327 praeter
496 3245 608 3308 villas.
652 3246 793 3309 Tertius
825 3248 915 3310 filius
948 3246 1024 3328 ejus
1054 3246 1284 3328 Melcbiphais

340 3351 435 3407 tenet
449 3351 587 3419 terram,
602 3362 680 3424 quae
698 3344 823 3407 dicitur
836 3344 1005 3419 Gemella,
1018 3362 1095 3408 eum
1114 3351 1189 3407 tota
1205 3364 1284 3425 pro·

339 3441 465 3518 vincia,
498 3440 556 3504 ubi
589 3447 671 3503 sunt
700 3441 883 3523 plusquam
908 3440 1168 3522 quadringentae
1195 3442 1285 3504 inter

339 3539 498 3602 civitates
521 3546 556 3601 et
578 3539 783 3601 munitiones
813 3545 848 3601 et
874 3546 1001 3614 castra,
1023 3544 1150 3619 praeter
1169 3537 1282 3602 villas.

340 3635 496 3714 Quartus
520 3635 612 3697 filins
634 3635 722 3717 ejus,
748 3637 884 3699 nomine
905 3634 1160 3710 Mehemodain,
1189 3644 1283 3700 tenet

339 3753 483 3814 regnum
503 3730 612 3808 Asiae,
634 3732 726 3813 quod
747 3732 851 3796 habet
868 3734 957 3795 inter
973 3732 1132 3796 civitates
1155 3739 1190 3794 et
1209 3752 1284 3795 mua

339 3832 486 3894 nitiones
508 3839 543 3892 et
567 3837 694 3904 castra,
718 3837 845 3910 praeter
860 3830 975 3906 villas,
995 3828 1178 3911 plusquam
1204 3848 1283 3892 sex·

336 3935 466 3991 centes.
519 3925 671 4004 Quintus
689 3926 780 3990 filius
799 3927 886 4009 ejus,
901 3927 1039 3990 nomine
1055 3925 1282 3990 Mechisema-

336 4026 433 4105 phat,
457 4031 552 4088 tenet
574 4032 699 4087 terram
723 4023 765 4087 de
782 4023 924 4099 Sareho,
942 4025 1000 4087 ubi
1020 4023 1107 4086 Abel
1125 4032 1282 4088 mortuus

336 4123 423 4198 suit3
447 4123 568 4203 inquo
588 4141 694 4200 regno
717 4130 798 4184 sunt
821 4124 910 4185 inter
932 4123 1090 4184 civitates
1113 4128 1148 4184 et
1170 4122 1281 4185 muni·
