2970 5016
346 436 412 505 128
602 454 738 503 accam
763 456 809 502 nn
832 454 1041 512 wnuoovna

182 626 238 668 sn.
249 625 307 667 nat.
347 609 526 689 troduxit3
552 617 599 687 et,
617 610 780 691 quoniam
798 609 893 692 prior
912 610 1005 673 illins
1023 610 1103 687 loci,
1119 611 1299 675 monachis

344 708 598 784 exsulantibus,
616 708 797 771 defunctus
815 708 940 786 fuerat,
957 708 1113 791 praefecit
1132 710 1181 773 eis
1202 712 1297 792 prio·

345 826 418 873 rem
433 807 570 871 nomine
584 806 608 871 J
610 807 792 883 oibertum,
808 808 949 870 natione
968 806 1222 883 Normannum,
1236 809 1299 890 qui

346 914 487 989 propter
502 906 722 969 eminentiam
740 905 933 987 prudentiae
949 906 1114 970 secularis
1132 915 1203 970 tres
1226 908 1299 989 pri-

345 1013 477 1081 oratus,
502 1005 545 1067 de
572 1003 744 1068 Davintre
770 1011 805 1066 ct
826 1004 869 1066 de
885 1004 1052 1068 Weneloc
1078 1012 1113 1068 ct
1137 1005 1180 1069 de
1204 1005 1299 1069 Cou-

343 1103 512 1178 ventrcia,
535 1108 736 1184 susceperat
758 1102 802 1164 ad
825 1101 1023 1184 regendum,
1045 1102 1106 1186 qui
1130 1104 1297 1167 continuo

345 1200 588 1265 cumconsilio
614 1201 859 1264 monachornm
883 1202 926 1266 de
947 1201 1113 1266 electione
1142 1203 1296 1285 episcopi
1365 1226 1368 1231 ·

344 1306 495 1364 tractare
522 1299 703 1381 incipiens,
729 1301 902 1364 communi
928 1298 1174 1364 deliberatione
1199 1300 1294 1364 Gan-

344 1397 470 1461 fridum
485 1398 528 1461 de
544 1398 751 1480 Muschamp
767 1398 956 1479 elegerunt.
982 1399 1110 1462 Eodem
1127 1407 1295 1480 tempore,

343 1503 481 1560 mortuo
497 1496 611 1578 priore
631 1497 674 1560 de
693 1496 974 1572 Bermundeseia,
993 1496 1185 1574 Hubertus,
1202 1496 1294 1560 Cau-

344 1595 528 1659 tuariensis
552 1595 842 1678 archiepiscopus,
867 1604 907 1658 ut
928 1593 1077 1659 Joiberti
1104 1596 1294 1677 supradicti

342 1695 500 1758 avaritiae
517 1693 745 1771 satisfaceret,
760 1694 871 1758 tribus
887 1694 1096 1778 prioratibus
1113 1695 1187 1759 suis
1203 1695 1294 1760 hunc

343 1800 505 1877 quartum
522 1791 662 1878 adjecit.

455 1978 505 2041 De
515 1974 737 2040 reumaticus
751 1974 945 2059 quorundum
959 1973 1179 2059 episcoporum,

182 2089 307 2192 {lgm
389 2090 558 2154 Paridem
572 2082 1296 2171 tempus,¹Dominicaquacantatur‘Lae·

343 2187 1296 2263 tareHierusalem,’EustachiuS,Sarcsbiriensisdeoa·

344 2306 423 2364 nus,
445 2285 594 2350 Eliensis
616 2286 837 2368 episcopatus
869 2304 994 2349 munus
1025 2285 1295 2349 consecrationis

344 2385 498 2468 suscepit
522 2403 584 2466 per
604 2403 746 2446 manum
770 2383 932 2460 Huberti‚
956 2382 1217 2448 cantuariensis
1240 2403 1297 2446 ar-

345 2482 565 2566 chiepiscopi,
597 2483 691 2566 apud
718 2482 1064 2546 Westmonasterium
1095 2483 1131 2546 in
1160 2483 1296 2564 capella

344 2590 475 2647 sanctae
491 2580 708 2647 Katherinae.
759 2579 895 2645 Deinde
913 2580 1115 2658 Gausridus,
1133 2581 1294 2646 Conven-

344 2681 469 2747 trensis
491 2681 634 2758 electus,
657 2681 701 2746 ah
724 2678 844 2743 eodem
867 2677 1124 2761 archiepiscopo
1143 2679 1295 2745 Cantna-

343 2782 404 2845 riae
435 2788 657 2845 consecratus
689 2785 743 2842 est
776 2776 955 2841 undecimo
988 2777 1156 2841 kalendas
1182 2777 1291 2857 Julii3

342 2899 413 2962 quo
432 2879 537 2943 etiam
553 2885 719 2960 ternpore,
740 2876 817 2939 idus
842 2875 941 2952 Maii,
958 2877 1049 2958 pluit
1068 2876 1212 2957 sanguis
1229 2895 1293 2939 un·

342 2978 452 3043 datim
473 2996 577 3058 super
590 2974 800 3039 aedificantes
818 2976 939 3038 turrim
955 2974 1048 3058 apud
1063 2975 1293 3039 Andeliaoum

342 3076 379 3139 in
402 3074 630 3150 Normannia,
658 3081 803 3138 mortem
829 3073 976 3137 fortasse
1008 3074 1100 3156 regis
1123 3073 1292 3138 Richardi

342 3171 550 3236 denuntians
571 3173 607 3234 in
627 3173 723 3237 brevi
747 3173 910 3237 futuram.
964 3171 1033 3235 His
1054 3173 1203 3257 denique
1221 3172 1292 3236 die-

341 3272 407 3335 bus
431 3270 630 3348 Gausridus,
650 3271 879 3335 Eboracensis
903 3271 1195 3354 archiepiscopus„
1217 3270 1292 3352 regi

343 3369 520 3434 Richardo
547 3376 583 3432 et
609 3368 706 3433 fratri
733 3390 796 3433 suo
826 3370 862 3434 in
891 3370 1108 3434 Normannia
1129 3369 1291 3452 pacifica·

342 3477 399 3533 tus
429 3476 502 3548 cst;
539 3475 614 3532 erat
641 3469 732 3531 enirn
763 3477 955 3533 commotus
977 3470 1013 3532 in
1042 3488 1120 3532 eum
1149 3475 1292 3551 propter

341 3568 568 3652 dejectionem
584 3566 763 3642 willelmi,
787 3568 985 3631 cancellarii
1007 3568 1073 3644 sui,
1096 3568 1179 3631 dum
1200 3566 1291 3630 idem

340 3687 403 3731 rex
421 3668 465 3730 ab
481 3667 689 3748 imperatore
706 3667 743 3728 in
761 3666 909 3730 vinculis
927 3674 1113 3731 teneretur.

382 3813 552 3893 Hiberica,
571 3814 807 3879 Ooataoriensis
826 3814 1084 3901 archiepiscopus,
1098 3812 1138 3879 ab
1153 3816 1250 3899 officio

616 3913 798 3998 justiciarii
812 3923 930 3978 amotus
945 3922 998 3978 eat.

404 4027 507 4092 Circa
532 4029 605 4093 dies
628 4029 715 4093 istos
737 4030 891 4093 surrexit
913 4029 1083 4093 dissensio
1106 4035 1142 4092 et
1163 4027 1291 4110 iniqui-

337 4134 393 4190 tas
414 4127 504 4192 inter
521 4128 719 4212 episcopum
740 4127 1025 4192 Cantuariensem
1044 4133 1080 4191 et
1101 4125 1291 4191 monachos

527 4277 536 4311 ¹
546 4279 698 4343 [lominica]
714 4279 768 4328 The
779 4278 863 4328 fourth
875 4279 980 4339 Sunday
990 4279 1017 4327 in
1028 4278 1102 4329 nent.
