<?xml version="1.0" encoding="UTF-8"?>
<!DOCTYPE html PUBLIC "-//W3C//DTD XHTML 1.0 Transitional//EN"
    "http://www.w3.org/TR/xhtml1/DTD/xhtml1-transitional.dtd">
<html xmlns="http://www.w3.org/1999/xhtml" xml:lang="en" lang="en">
 <head>
  <title>
</title>
<meta http-equiv="Content-Type" content="text/html;charset=utf-8" />
  <meta name='ocr-system' content='tesseract 3.04.00' />
  <meta name='ocr-capabilities' content='ocr_page ocr_carea ocr_par ocr_line ocrx_word'/>
</head>
<body>
  <div class='ocr_page' id='page_1' title='image "./rogeridewendove08rogegoog_0037.png"; bbox 0 0 2970 5016; ppageno 0'>
   <div class='ocr_carea' id='block_1_1' title="bbox 398 443 1096 507">
    <p class='ocr_par' dir='ltr' id='par_1_1' title="bbox 398 443 1096 507">
     <span class='ocr_line' id='line_1_1' title="bbox 398 443 1096 507; baseline -0.001 -1"><span class='ocrx_word' id='word_1_1' title='bbox 398 443 443 507; x_wconf 77' lang='lat'><strong>28</strong></span> <span class='ocrx_word' id='word_1_2' title='bbox 660 457 794 504; x_wconf 75' lang='lat' dir='ltr'><strong>nocam</strong></span> <span class='ocrx_word' id='word_1_3' title='bbox 818 458 865 504; x_wconf 82' lang='lat' dir='ltr'><strong>nn</strong></span> <span class='ocrx_word' id='word_1_4' title='bbox 890 458 1096 505; x_wconf 78' lang='lat' dir='ltr'><strong>wnnnovna</strong></span> 
     </span>
    </p>
   </div>
   <div class='ocr_carea' id='block_1_2' title="bbox 237 614 1358 1971">
    <p class='ocr_par' dir='ltr' id='par_1_2' title="bbox 237 614 1358 1971">
     <span class='ocr_line' id='line_1_2' title="bbox 237 614 1356 697; baseline 0.003 -22"><span class='ocrx_word' id='word_1_5' title='bbox 237 634 360 675; x_wconf 58' lang='lat' dir='ltr'><strong>nonne</strong></span> <span class='ocrx_word' id='word_1_6' title='bbox 399 634 509 697; x_wconf 86' lang='lat' dir='ltr'><strong>quens</strong></span> <span class='ocrx_word' id='word_1_7' title='bbox 537 614 584 679; x_wconf 94' lang='lat' dir='ltr'><strong>ibi</strong></span> <span class='ocrx_word' id='word_1_8' title='bbox 621 615 868 697; x_wconf 85' lang='lat' dir='ltr'><strong>Berengariam</strong></span> <span class='ocrx_word' id='word_1_9' title='bbox 905 614 1011 678; x_wconf 86' lang='lat' dir='ltr'><strong>liliam</strong></span> <span class='ocrx_word' id='word_1_10' title='bbox 1043 616 1135 696; x_wconf 84' lang='lat' dir='ltr'><strong>regis</strong></span> <span class='ocrx_word' id='word_1_11' title='bbox 1171 615 1356 690; x_wconf 86' lang='lat' dir='ltr'><strong>Navarrae,</strong></span> 
     </span>
     <span class='ocr_line' id='line_1_3' title="bbox 400 714 1356 795; baseline 0.001 -18"><span class='ocrx_word' id='word_1_12' title='bbox 400 734 503 795; x_wconf 89' lang='lat' dir='ltr'><strong>qnam</strong></span> <span class='ocrx_word' id='word_1_13' title='bbox 526 715 616 777; x_wconf 90' lang='lat' dir='ltr'><strong>idem</strong></span> <span class='ocrx_word' id='word_1_14' title='bbox 640 735 701 777; x_wconf 87' lang='lat' dir='ltr'><strong>rex</strong></span> <span class='ocrx_word' id='word_1_15' title='bbox 724 715 890 777; x_wconf 82' lang='lat' dir='ltr'><strong>ducturus</strong></span> <span class='ocrx_word' id='word_1_16' title='bbox 913 721 988 778; x_wconf 91' lang='lat' dir='ltr'><strong>erat</strong></span> <span class='ocrx_word' id='word_1_17' title='bbox 1016 733 1180 792; x_wconf 81' lang='lat' dir='ltr'><strong>uxorem3</strong></span> <span class='ocrx_word' id='word_1_18' title='bbox 1212 714 1356 778; x_wconf 80' lang='lat' dir='ltr'><strong>dederat</strong></span> 
     </span>
     <span class='ocr_line' id='line_1_4' title="bbox 400 812 1357 896; baseline 0.002 -20"><span class='ocrx_word' id='word_1_19' title='bbox 400 834 549 896; x_wconf 89' lang='lat' dir='ltr'><strong>namque</strong></span> <span class='ocrx_word' id='word_1_20' title='bbox 564 834 625 876; x_wconf 87' lang='lat' dir='ltr'><strong>rex</strong></span> <span class='ocrx_word' id='word_1_21' title='bbox 639 813 836 877; x_wconf 88' lang='lat' dir='ltr'><strong>Richardus</strong></span> <span class='ocrx_word' id='word_1_22' title='bbox 847 812 964 876; x_wconf 89' lang='lat' dir='ltr'><strong>decem</strong></span> <span class='ocrx_word' id='word_1_23' title='bbox 981 812 1090 877; x_wconf 89' lang='lat' dir='ltr'><strong>millia</strong></span> <span class='ocrx_word' id='word_1_24' title='bbox 1104 815 1269 878; x_wconf 89' lang='lat' dir='ltr'><strong>librarum</strong></span> <span class='ocrx_word' id='word_1_25' title='bbox 1282 815 1357 896; x_wconf 82' lang='lat' dir='ltr'><strong>regi</strong></span> 
     </span>
     <span class='ocr_line' id='line_1_5' title="bbox 403 912 1358 996; baseline 0.002 -20"><span class='ocrx_word' id='word_1_26' title='bbox 403 913 617 976; x_wconf 85' lang='lat' dir='ltr'><strong>Francorum</strong></span> <span class='ocrx_word' id='word_1_27' title='bbox 642 933 704 994; x_wconf 90' lang='lat' dir='ltr'><strong>pro</strong></span> <span class='ocrx_word' id='word_1_28' title='bbox 721 914 841 996; x_wconf 89' lang='lat' dir='ltr'><strong>quieta</strong></span> <span class='ocrx_word' id='word_1_29' title='bbox 856 912 1063 976; x_wconf 90' lang='lat' dir='ltr'><strong>clamatione</strong></span> <span class='ocrx_word' id='word_1_30' title='bbox 1086 914 1129 977; x_wconf 91' lang='lat' dir='ltr'><strong>de</strong></span> <span class='ocrx_word' id='word_1_31' title='bbox 1152 933 1269 977; x_wconf 88' lang='lat' dir='ltr'><strong>sorore</strong></span> <span class='ocrx_word' id='word_1_32' title='bbox 1291 933 1358 978; x_wconf 87' lang='lat' dir='ltr'><strong>sua</strong></span> 
     </span>
     <span class='ocr_line' id='line_1_6' title="bbox 400 1012 1354 1095; baseline 0.001 -20"><span class='ocrx_word' id='word_1_33' title='bbox 400 1012 568 1090; x_wconf 90' lang='lat' dir='ltr'><strong>ducenda,</strong></span> <span class='ocrx_word' id='word_1_34' title='bbox 596 1032 666 1095; x_wconf 92' lang='lat' dir='ltr'><strong>qno</strong></span> <span class='ocrx_word' id='word_1_35' title='bbox 698 1014 802 1075; x_wconf 91' lang='lat' dir='ltr'><strong>etiam</strong></span> <span class='ocrx_word' id='word_1_36' title='bbox 833 1020 936 1094; x_wconf 88' lang='lat' dir='ltr'><strong>pacto</strong></span> <span class='ocrx_word' id='word_1_37' title='bbox 962 1031 1024 1075; x_wconf 88' lang='lat' dir='ltr'><strong>rex</strong></span> <span class='ocrx_word' id='word_1_38' title='bbox 1056 1013 1268 1077; x_wconf 81' lang='lat' dir='ltr'><strong>Francorum</strong></span> <span class='ocrx_word' id='word_1_39' title='bbox 1294 1033 1354 1076; x_wconf 87' lang='lat' dir='ltr'><strong>ca-</strong></span> 
     </span>
     <span class='ocr_line' id='line_1_7' title="bbox 402 1111 1351 1193; baseline 0.002 -19"><span class='ocrx_word' id='word_1_40' title='bbox 402 1111 579 1189; x_wconf 79' lang='lat' dir='ltr'><strong>lumniam,</strong></span> <span class='ocrx_word' id='word_1_41' title='bbox 596 1132 698 1193; x_wconf 88' lang='lat' dir='ltr'><strong>quam</strong></span> <span class='ocrx_word' id='word_1_42' title='bbox 714 1111 864 1175; x_wconf 89' lang='lat' dir='ltr'><strong>hahebat</strong></span> <span class='ocrx_word' id='word_1_43' title='bbox 886 1112 921 1173; x_wconf 92' lang='lat' dir='ltr'><strong>in</strong></span> <span class='ocrx_word' id='word_1_44' title='bbox 944 1112 1089 1176; x_wconf 88' lang='lat' dir='ltr'><strong>castello</strong></span> <span class='ocrx_word' id='word_1_45' title='bbox 1111 1113 1154 1176; x_wconf 90' lang='lat' dir='ltr'><strong>de</strong></span> <span class='ocrx_word' id='word_1_46' title='bbox 1171 1111 1296 1177; x_wconf 86' lang='lat' dir='ltr'><strong>Gisorz</strong></span> <span class='ocrx_word' id='word_1_47' title='bbox 1314 1121 1351 1176; x_wconf 85' lang='lat' dir='ltr'><strong>et</strong></span> 
     </span>
     <span class='ocr_line' id='line_1_8' title="bbox 401 1211 1354 1292; baseline 0.001 -18"><span class='ocrx_word' id='word_1_48' title='bbox 401 1211 444 1274; x_wconf 90' lang='lat' dir='ltr'><strong>de</strong></span> <span class='ocrx_word' id='word_1_49' title='bbox 472 1219 546 1275; x_wconf 94' lang='lat' dir='ltr'><strong>toto</strong></span> <span class='ocrx_word' id='word_1_50' title='bbox 564 1211 730 1291; x_wconf 83' lang='lat' dir='ltr'><strong>Vegesin,</strong></span> <span class='ocrx_word' id='word_1_51' title='bbox 755 1212 790 1274; x_wconf 91' lang='lat' dir='ltr'><strong>in</strong></span> <span class='ocrx_word' id='word_1_52' title='bbox 815 1218 1017 1292; x_wconf 89' lang='lat' dir='ltr'><strong>perpetuum</strong></span> <span class='ocrx_word' id='word_1_53' title='bbox 1048 1211 1230 1277; x_wconf 84' lang='lat' dir='ltr'><strong>relaxavit.</strong></span> <span class='ocrx_word' id='word_1_54' title='bbox 1283 1211 1354 1275; x_wconf 90' lang='lat' dir='ltr'><strong>Eo-</strong></span> 
     </span>
     <span class='ocr_line' id='line_1_9' title="bbox 401 1309 1354 1393; baseline -0.001 -19"><span class='ocrx_word' id='word_1_55' title='bbox 401 1310 478 1374; x_wconf 85' lang='lat' dir='ltr'><strong>dem</strong></span> <span class='ocrx_word' id='word_1_56' title='bbox 507 1330 598 1374; x_wconf 90' lang='lat' dir='ltr'><strong>anno</strong></span> <span class='ocrx_word' id='word_1_57' title='bbox 629 1310 845 1387; x_wconf 89' lang='lat' dir='ltr'><strong>Fredericus,</strong></span> <span class='ocrx_word' id='word_1_58' title='bbox 877 1309 1115 1375; x_wconf 87' lang='lat' dir='ltr'><strong>Romanorum</strong></span> <span class='ocrx_word' id='word_1_59' title='bbox 1152 1313 1354 1393; x_wconf 86' lang='lat' dir='ltr'><strong>imperator,</strong></span> 
     </span>
     <span class='ocr_line' id='line_1_10' title="bbox 402 1408 1352 1492; baseline -0.001 -19"><span class='ocrx_word' id='word_1_60' title='bbox 402 1430 530 1474; x_wconf 89' lang='lat' dir='ltr'><strong>aunum</strong></span> <span class='ocrx_word' id='word_1_61' title='bbox 552 1430 660 1492; x_wconf 81' lang='lat' dir='ltr'><strong>agens</strong></span> <span class='ocrx_word' id='word_1_62' title='bbox 684 1411 818 1492; x_wconf 87' lang='lat' dir='ltr'><strong>imperii</strong></span> <span class='ocrx_word' id='word_1_63' title='bbox 845 1408 1160 1492; x_wconf 83' lang='lat' dir='ltr'><strong>quadragesimum,</strong></span> <span class='ocrx_word' id='word_1_64' title='bbox 1183 1411 1264 1474; x_wconf 91' lang='lat' dir='ltr'><strong>dum</strong></span> <span class='ocrx_word' id='word_1_65' title='bbox 1288 1430 1352 1492; x_wconf 90' lang='lat' dir='ltr'><strong>per</strong></span> 
     </span>
     <span class='ocr_line' id='line_1_11' title="bbox 403 1509 1353 1592; baseline 0.001 -19"><span class='ocrx_word' id='word_1_66' title='bbox 403 1510 604 1592; x_wconf 84' lang='lat' dir='ltr'><strong>Bulgariam</strong></span> <span class='ocrx_word' id='word_1_67' title='bbox 630 1509 909 1592; x_wconf 83' lang='lat' dir='ltr'><strong>Hierosolymam</strong></span> <span class='ocrx_word' id='word_1_68' title='bbox 934 1510 1089 1573; x_wconf 81' lang='lat' dir='ltr'><strong>tenderet</strong></span> <span class='ocrx_word' id='word_1_69' title='bbox 1119 1517 1154 1572; x_wconf 92' lang='lat' dir='ltr'><strong>et</strong></span> <span class='ocrx_word' id='word_1_70' title='bbox 1188 1511 1232 1573; x_wconf 89' lang='lat' dir='ltr'><strong>ab</strong></span> <span class='ocrx_word' id='word_1_71' title='bbox 1258 1511 1353 1574; x_wconf 89' lang='lat' dir='ltr'><strong>Yco-</strong></span> 
     </span>
     <span class='ocr_line' id='line_1_12' title="bbox 401 1603 1352 1685; baseline 0.003 -14"><span class='ocrx_word' id='word_1_72' title='bbox 401 1610 459 1672; x_wconf 95' lang='lat' dir='ltr'><strong>nio</strong></span> <span class='ocrx_word' id='word_1_73' title='bbox 493 1629 614 1673; x_wconf 88' lang='lat' dir='ltr'><strong>versus</strong></span> <span class='ocrx_word' id='word_1_74' title='bbox 649 1607 869 1673; x_wconf 84' lang='lat' dir='ltr'><strong>Antiochiam</strong></span> <span class='ocrx_word' id='word_1_75' title='bbox 909 1608 1092 1673; x_wconf 86' lang='lat' dir='ltr'><strong>transitum</strong></span> <span class='ocrx_word' id='word_1_76' title='bbox 1124 1609 1265 1685; x_wconf 80' lang='lat' dir='ltr'><strong>laceret,</strong></span> <span class='ocrx_word' id='word_1_77' title='bbox 1301 1603 1352 1674; x_wconf 91' lang='lat' dir='ltr'><strong>¹in</strong></span> 
     </span>
     <span class='ocr_line' id='line_1_13' title="bbox 402 1708 1351 1791; baseline 0 -20"><span class='ocrx_word' id='word_1_78' title='bbox 402 1708 521 1785; x_wconf 88' lang='lat' dir='ltr'><strong>fluvio,</strong></span> <span class='ocrx_word' id='word_1_79' title='bbox 536 1710 596 1791; x_wconf 90' lang='lat' dir='ltr'><strong>qui</strong></span> <span class='ocrx_word' id='word_1_80' title='bbox 619 1709 749 1790; x_wconf 87' lang='lat' dir='ltr'><strong>Saphet</strong></span> <span class='ocrx_word' id='word_1_81' title='bbox 772 1708 981 1790; x_wconf 83' lang='lat' dir='ltr'><strong>appellatur,</strong></span> <span class='ocrx_word' id='word_1_82' title='bbox 1004 1709 1158 1772; x_wconf 82' lang='lat' dir='ltr'><strong>exercitu</strong></span> <span class='ocrx_word' id='word_1_83' title='bbox 1177 1728 1241 1772; x_wconf 91' lang='lat' dir='ltr'><strong>suo</strong></span> <span class='ocrx_word' id='word_1_84' title='bbox 1258 1709 1351 1772; x_wconf 91' lang='lat' dir='ltr'><strong>salu-</strong></span> 
     </span>
     <span class='ocr_line' id='line_1_14' title="bbox 403 1808 1353 1889; baseline 0.001 -19"><span class='ocrx_word' id='word_1_85' title='bbox 403 1809 509 1871; x_wconf 87' lang='lat' dir='ltr'><strong>briter</strong></span> <span class='ocrx_word' id='word_1_86' title='bbox 535 1816 748 1885; x_wconf 90' lang='lat' dir='ltr'><strong>transeunte,</strong></span> <span class='ocrx_word' id='word_1_87' title='bbox 775 1808 870 1871; x_wconf 90' lang='lat' dir='ltr'><strong>solus</strong></span> <span class='ocrx_word' id='word_1_88' title='bbox 893 1826 982 1889; x_wconf 89' lang='lat' dir='ltr'><strong>equo</strong></span> <span class='ocrx_word' id='word_1_89' title='bbox 1009 1808 1170 1872; x_wconf 89' lang='lat' dir='ltr'><strong>decidens</strong></span> <span class='ocrx_word' id='word_1_90' title='bbox 1197 1810 1353 1871; x_wconf 91' lang='lat' dir='ltr'><strong>submer-</strong></span> 
     </span>
     <span class='ocr_line' id='line_1_15' title="bbox 405 1915 548 1971; baseline -0.007 0"><span class='ocrx_word' id='word_1_91' title='bbox 405 1926 465 1971; x_wconf 88' lang='lat' dir='ltr'><strong>sus</strong></span> <span class='ocrx_word' id='word_1_92' title='bbox 483 1915 548 1971; x_wconf 90' lang='lat' dir='ltr'><strong>est.</strong></span> 
     </span>
    </p>
   </div>
   <div class='ocr_carea' id='block_1_3' title="bbox 451 2075 1310 2266">
    <p class='ocr_par' dir='ltr' id='par_1_3' title="bbox 451 2075 1310 2266">
     <span class='ocr_line' id='line_1_16' title="bbox 451 2075 1310 2169; baseline 0.007 -28"><span class='ocrx_word' id='word_1_93' title='bbox 451 2078 493 2142; x_wconf 88' lang='lat' dir='ltr'><strong>Ut</strong></span> <span class='ocrx_word' id='word_1_94' title='bbox 510 2075 613 2143; x_wconf 75' lang='lat' dir='ltr'><strong>lectas</strong></span> <span class='ocrx_word' id='word_1_95' title='bbox 628 2090 750 2164; x_wconf 76' lang='lat' dir='ltr'><strong>emrtyr</strong></span> <span class='ocrx_word' id='word_1_96' title='bbox 768 2081 898 2146; x_wconf 76' lang='lat' dir='ltr'><strong>Thomas</strong></span> <span class='ocrx_word' id='word_1_97' title='bbox 914 2081 1079 2146; x_wconf 80' lang='lat' dir='ltr'><strong>rectoribus</strong></span> <span class='ocrx_word' id='word_1_98' title='bbox 1093 2082 1216 2168; x_wconf 74' lang='lat' dir='ltr'><strong>mniyii</strong></span> <span class='ocrx_word' id='word_1_99' title='bbox 1232 2084 1310 2169; x_wconf 78' lang='lat' dir='ltr'><strong>roy-is</strong></span> 
     </span>
     <span class='ocr_line' id='line_1_17' title="bbox 688 2180 1057 2266; baseline 0.003 -23"><span class='ocrx_word' id='word_1_100' title='bbox 688 2180 846 2244; x_wconf 81' lang='lat' dir='ltr'><strong>Richardi</strong></span> <span class='ocrx_word' id='word_1_101' title='bbox 860 2181 1057 2266; x_wconf 72' lang='lat' dir='ltr'><strong>apparuerit.</strong></span> 
     </span>
    </p>
   </div>
   <div class='ocr_carea' id='block_1_4' title="bbox 398 2303 1357 4188">
    <p class='ocr_par' dir='ltr' id='par_1_4' title="bbox 402 2303 1356 3780">
     <span class='ocr_line' id='line_1_18' title="bbox 464 2303 1354 2386; baseline 0.006 -21"><span class='ocrx_word' id='word_1_102' title='bbox 464 2303 594 2367; x_wconf 89' lang='lat' dir='ltr'><strong>Eodem</strong></span> <span class='ocrx_word' id='word_1_103' title='bbox 610 2323 700 2368; x_wconf 91' lang='lat' dir='ltr'><strong>anno</strong></span> <span class='ocrx_word' id='word_1_104' title='bbox 717 2305 892 2386; x_wconf 86' lang='lat' dir='ltr'><strong>navigium</strong></span> <span class='ocrx_word' id='word_1_105' title='bbox 909 2305 1000 2385; x_wconf 86' lang='lat' dir='ltr'><strong>regis</strong></span> <span class='ocrx_word' id='word_1_106' title='bbox 1011 2303 1165 2386; x_wconf 84' lang='lat' dir='ltr'><strong>Angliae,</strong></span> <span class='ocrx_word' id='word_1_107' title='bbox 1182 2325 1243 2386; x_wconf 87' lang='lat' dir='ltr'><strong>per</strong></span> <span class='ocrx_word' id='word_1_108' title='bbox 1259 2325 1354 2370; x_wconf 88' lang='lat' dir='ltr'><strong>mare</strong></span> 
     </span>
     <span class='ocr_line' id='line_1_19' title="bbox 402 2402 1351 2486; baseline 0.003 -21"><span class='ocrx_word' id='word_1_109' title='bbox 402 2403 520 2467; x_wconf 92' lang='lat' dir='ltr'><strong>multis</strong></span> <span class='ocrx_word' id='word_1_110' title='bbox 540 2402 725 2485; x_wconf 80' lang='lat' dir='ltr'><strong>fatigatum</strong></span> <span class='ocrx_word' id='word_1_111' title='bbox 749 2404 922 2486; x_wconf 90' lang='lat' dir='ltr'><strong>periculis,</strong></span> <span class='ocrx_word' id='word_1_112' title='bbox 944 2424 1021 2467; x_wconf 88' lang='lat' dir='ltr'><strong>cum</strong></span> <span class='ocrx_word' id='word_1_113' title='bbox 1041 2424 1162 2468; x_wconf 87' lang='lat' dir='ltr'><strong>versus</strong></span> <span class='ocrx_word' id='word_1_114' title='bbox 1186 2405 1351 2468; x_wconf 68' lang='lat' dir='ltr'><strong>Ulixebo⁴</strong></span> 
     </span>
     <span class='ocr_line' id='line_1_20' title="bbox 402 2503 1356 2586; baseline 0.002 -21"><span class='ocrx_word' id='word_1_115' title='bbox 402 2522 482 2565; x_wconf 90' lang='lat' dir='ltr'><strong>nam</strong></span> <span class='ocrx_word' id='word_1_116' title='bbox 505 2503 730 2579; x_wconf 84' lang='lat' dir='ltr'><strong>velificarent,</strong></span> <span class='ocrx_word' id='word_1_117' title='bbox 758 2511 793 2567; x_wconf 90' lang='lat' dir='ltr'><strong>et</strong></span> <span class='ocrx_word' id='word_1_118' title='bbox 817 2504 1052 2585; x_wconf 85' lang='lat' dir='ltr'><strong>praeterissent</strong></span> <span class='ocrx_word' id='word_1_119' title='bbox 1081 2503 1254 2586; x_wconf 88' lang='lat' dir='ltr'><strong>quandam</strong></span> <span class='ocrx_word' id='word_1_120' title='bbox 1287 2512 1356 2567; x_wconf 85' lang='lat' dir='ltr'><strong>ter·</strong></span> 
     </span>
     <span class='ocr_line' id='line_1_21' title="bbox 402 2602 1352 2685; baseline 0.003 -21"><span class='ocrx_word' id='word_1_121' title='bbox 402 2621 476 2665; x_wconf 88' lang='lat' dir='ltr'><strong>ram</strong></span> <span class='ocrx_word' id='word_1_122' title='bbox 496 2603 531 2666; x_wconf 93' lang='lat' dir='ltr'><strong>in</strong></span> <span class='ocrx_word' id='word_1_123' title='bbox 558 2604 645 2665; x_wconf 89' lang='lat' dir='ltr'><strong>mari</strong></span> <span class='ocrx_word' id='word_1_124' title='bbox 667 2611 879 2685; x_wconf 87' lang='lat' dir='ltr'><strong>protensam,</strong></span> <span class='ocrx_word' id='word_1_125' title='bbox 902 2623 980 2685; x_wconf 88' lang='lat' dir='ltr'><strong>quae</strong></span> <span class='ocrx_word' id='word_1_126' title='bbox 1002 2602 1175 2667; x_wconf 87' lang='lat' dir='ltr'><strong>Godester</strong></span> <span class='ocrx_word' id='word_1_127' title='bbox 1197 2604 1352 2685; x_wconf 77' lang='lat' dir='ltr'><strong>appella·</strong></span> 
     </span>
     <span class='ocr_line' id='line_1_22' title="bbox 403 2702 1353 2783; baseline 0.003 -18"><span class='ocrx_word' id='word_1_128' title='bbox 403 2711 472 2778; x_wconf 90' lang='lat' dir='ltr'><strong>tur,</strong></span> <span class='ocrx_word' id='word_1_129' title='bbox 499 2710 534 2766; x_wconf 88' lang='lat' dir='ltr'><strong>et</strong></span> <span class='ocrx_word' id='word_1_130' title='bbox 552 2702 787 2783; x_wconf 79' lang='lat' dir='ltr'><strong>praeterissent</strong></span> <span class='ocrx_word' id='word_1_131' title='bbox 806 2702 1035 2779; x_wconf 85' lang='lat' dir='ltr'><strong>Britanniam,</strong></span> <span class='ocrx_word' id='word_1_132' title='bbox 1058 2703 1225 2767; x_wconf 87' lang='lat' dir='ltr'><strong>habentes</strong></span> <span class='ocrx_word' id='word_1_133' title='bbox 1253 2722 1353 2768; x_wconf 91' lang='lat' dir='ltr'><strong>sanc·</strong></span> 
     </span>
     <span class='ocr_line' id='line_1_23' title="bbox 403 2802 1353 2884; baseline 0.002 -20"><span class='ocrx_word' id='word_1_134' title='bbox 403 2812 476 2865; x_wconf 86' lang='lat' dir='ltr'><strong>tum</strong></span> <span class='ocrx_word' id='word_1_135' title='bbox 489 2802 697 2865; x_wconf 85' lang='lat' dir='ltr'><strong>Matthaeum</strong></span> <span class='ocrx_word' id='word_1_136' title='bbox 715 2803 757 2865; x_wconf 94' lang='lat' dir='ltr'><strong>de</strong></span> <span class='ocrx_word' id='word_1_137' title='bbox 776 2803 899 2864; x_wconf 86' lang='lat' dir='ltr'><strong>finibus</strong></span> <span class='ocrx_word' id='word_1_138' title='bbox 916 2812 1017 2865; x_wconf 85' lang='lat' dir='ltr'><strong>terrae</strong></span> <span class='ocrx_word' id='word_1_139' title='bbox 1034 2802 1069 2864; x_wconf 89' lang='lat' dir='ltr'><strong>in</strong></span> <span class='ocrx_word' id='word_1_140' title='bbox 1085 2803 1227 2867; x_wconf 85' lang='lat' dir='ltr'><strong>sinistra</strong></span> <span class='ocrx_word' id='word_1_141' title='bbox 1241 2811 1353 2884; x_wconf 88' lang='lat' dir='ltr'><strong>parte,</strong></span> 
     </span>
     <span class='ocr_line' id='line_1_24' title="bbox 404 2900 1354 2985; baseline 0.001 -21"><span class='ocrx_word' id='word_1_142' title='bbox 404 2909 439 2965; x_wconf 93' lang='lat' dir='ltr'><strong>et</strong></span> <span class='ocrx_word' id='word_1_143' title='bbox 464 2921 558 2964; x_wconf 89' lang='lat' dir='ltr'><strong>mare</strong></span> <span class='ocrx_word' id='word_1_144' title='bbox 589 2920 766 2982; x_wconf 84' lang='lat' dir='ltr'><strong>magnum,</strong></span> <span class='ocrx_word' id='word_1_145' title='bbox 798 2921 867 2982; x_wconf 92' lang='lat' dir='ltr'><strong>quo</strong></span> <span class='ocrx_word' id='word_1_146' title='bbox 899 2901 969 2964; x_wconf 90' lang='lat' dir='ltr'><strong>itur</strong></span> <span class='ocrx_word' id='word_1_147' title='bbox 1001 2900 1294 2985; x_wconf 88' lang='lat' dir='ltr'><strong>Hierosolymam,</strong></span> <span class='ocrx_word' id='word_1_148' title='bbox 1317 2903 1354 2965; x_wconf 93' lang='lat' dir='ltr'><strong>in</strong></span> 
     </span>
     <span class='ocr_line' id='line_1_25' title="bbox 403 2999 1353 3075; baseline 0 -12"><span class='ocrx_word' id='word_1_149' title='bbox 403 3002 540 3075; x_wconf 85' lang='lat' dir='ltr'><strong>dextra,</strong></span> <span class='ocrx_word' id='word_1_150' title='bbox 567 3000 770 3064; x_wconf 86' lang='lat' dir='ltr'><strong>dimiserunt</strong></span> <span class='ocrx_word' id='word_1_151' title='bbox 796 2999 989 3064; x_wconf 88' lang='lat' dir='ltr'><strong>Pictaviam</strong></span> <span class='ocrx_word' id='word_1_152' title='bbox 1013 3009 1048 3064; x_wconf 88' lang='lat' dir='ltr'><strong>ct</strong></span> <span class='ocrx_word' id='word_1_153' title='bbox 1069 3000 1293 3065; x_wconf 89' lang='lat' dir='ltr'><strong>Wasconiam</strong></span> <span class='ocrx_word' id='word_1_154' title='bbox 1317 3001 1353 3064; x_wconf 91' lang='lat' dir='ltr'><strong>in</strong></span> 
     </span>
     <span class='ocr_line' id='line_1_26' title="bbox 404 3098 1353 3181; baseline 0.002 -19"><span class='ocrx_word' id='word_1_155' title='bbox 404 3098 547 3162; x_wconf 86' lang='lat' dir='ltr'><strong>sinistra</strong></span> <span class='ocrx_word' id='word_1_156' title='bbox 563 3107 661 3180; x_wconf 89' lang='lat' dir='ltr'><strong>parte</strong></span> <span class='ocrx_word' id='word_1_157' title='bbox 679 3100 820 3181; x_wconf 84' lang='lat' dir='ltr'><strong>navigii.</strong></span> <span class='ocrx_word' id='word_1_158' title='bbox 845 3100 904 3176; x_wconf 88' lang='lat' dir='ltr'><strong>Et,</strong></span> <span class='ocrx_word' id='word_1_159' title='bbox 920 3120 997 3164; x_wconf 90' lang='lat' dir='ltr'><strong>cum</strong></span> <span class='ocrx_word' id='word_1_160' title='bbox 1013 3102 1188 3164; x_wconf 85' lang='lat' dir='ltr'><strong>venissent</strong></span> <span class='ocrx_word' id='word_1_161' title='bbox 1204 3101 1240 3163; x_wconf 94' lang='lat' dir='ltr'><strong>in</strong></span> <span class='ocrx_word' id='word_1_162' title='bbox 1258 3120 1353 3164; x_wconf 89' lang='lat' dir='ltr'><strong>mare</strong></span> 
     </span>
     <span class='ocr_line' id='line_1_27' title="bbox 405 3194 1355 3279; baseline 0.005 -20"><span class='ocrx_word' id='word_1_163' title='bbox 405 3198 648 3279; x_wconf 89' lang='lat' dir='ltr'><strong>Hispanicum,</strong></span> <span class='ocrx_word' id='word_1_164' title='bbox 677 3198 731 3260; x_wconf 91' lang='lat' dir='ltr'><strong>die</strong></span> <span class='ocrx_word' id='word_1_165' title='bbox 757 3199 948 3263; x_wconf 82' lang='lat' dir='ltr'><strong>Dominicae</strong></span> <span class='ocrx_word' id='word_1_166' title='bbox 975 3201 1184 3264; x_wconf 85' lang='lat' dir='ltr'><strong>ascensionis</strong></span> <span class='ocrx_word' id='word_1_167' title='bbox 1207 3194 1355 3264; x_wconf 84' lang='lat' dir='ltr'><strong>²invasit</strong></span> 
     </span>
     <span class='ocr_line' id='line_1_28' title="bbox 404 3296 1354 3379; baseline 0.003 -18"><span class='ocrx_word' id='word_1_168' title='bbox 404 3296 582 3378; x_wconf 85' lang='lat' dir='ltr'><strong>navigium</strong></span> <span class='ocrx_word' id='word_1_169' title='bbox 611 3306 798 3379; x_wconf 87' lang='lat' dir='ltr'><strong>tempestas</strong></span> <span class='ocrx_word' id='word_1_170' title='bbox 826 3299 944 3363; x_wconf 87' lang='lat' dir='ltr'><strong>valida</strong></span> <span class='ocrx_word' id='word_1_171' title='bbox 970 3309 1005 3362; x_wconf 90' lang='lat' dir='ltr'><strong>ct</strong></span> <span class='ocrx_word' id='word_1_172' title='bbox 1031 3300 1216 3376; x_wconf 75' lang='lat' dir='ltr'><strong>horribilia,</strong></span> <span class='ocrx_word' id='word_1_173' title='bbox 1239 3309 1275 3365; x_wconf 94' lang='lat' dir='ltr'><strong>et</strong></span> <span class='ocrx_word' id='word_1_174' title='bbox 1300 3320 1354 3364; x_wconf 90' lang='lat' dir='ltr'><strong>se-</strong></span> 
     </span>
     <span class='ocr_line' id='line_1_29' title="bbox 404 3398 1353 3480; baseline 0.003 -20"><span class='ocrx_word' id='word_1_175' title='bbox 404 3406 566 3480; x_wconf 89' lang='lat' dir='ltr'><strong>paratum</strong></span> <span class='ocrx_word' id='word_1_176' title='bbox 596 3406 649 3461; x_wconf 92' lang='lat' dir='ltr'><strong>est</strong></span> <span class='ocrx_word' id='word_1_177' title='bbox 676 3398 891 3462; x_wconf 84' lang='lat' dir='ltr'><strong>abinvicem</strong></span> <span class='ocrx_word' id='word_1_178' title='bbox 919 3400 952 3462; x_wconf 90' lang='lat' dir='ltr'><strong>in</strong></span> <span class='ocrx_word' id='word_1_179' title='bbox 982 3409 1179 3477; x_wconf 87' lang='lat' dir='ltr'><strong>momento;</strong></span> <span class='ocrx_word' id='word_1_180' title='bbox 1212 3408 1247 3464; x_wconf 86' lang='lat' dir='ltr'><strong>et</strong></span> <span class='ocrx_word' id='word_1_181' title='bbox 1271 3400 1353 3463; x_wconf 90' lang='lat' dir='ltr'><strong>dum</strong></span> 
     </span>
     <span class='ocr_line' id='line_1_30' title="bbox 403 3497 1351 3579; baseline 0.001 -19"><span class='ocrx_word' id='word_1_182' title='bbox 403 3506 590 3579; x_wconf 82' lang='lat' dir='ltr'><strong>tempestas</strong></span> <span class='ocrx_word' id='word_1_183' title='bbox 607 3497 756 3574; x_wconf 81' lang='lat' dir='ltr'><strong>saeviret,</strong></span> <span class='ocrx_word' id='word_1_184' title='bbox 780 3507 814 3562; x_wconf 91' lang='lat' dir='ltr'><strong>et</strong></span> <span class='ocrx_word' id='word_1_185' title='bbox 837 3519 967 3574; x_wconf 82' lang='lat' dir='ltr'><strong>omnes,</strong></span> <span class='ocrx_word' id='word_1_186' title='bbox 984 3499 1064 3562; x_wconf 92' lang='lat' dir='ltr'><strong>dum</strong></span> <span class='ocrx_word' id='word_1_187' title='bbox 1090 3500 1351 3576; x_wconf 89' lang='lat' dir='ltr'><strong>tribularentur,</strong></span> 
     </span>
     <span class='ocr_line' id='line_1_31' title="bbox 405 3597 1356 3680; baseline 0.002 -19"><span class='ocrx_word' id='word_1_188' title='bbox 405 3597 594 3661; x_wconf 85' lang='lat' dir='ltr'><strong>clamarent</strong></span> <span class='ocrx_word' id='word_1_189' title='bbox 610 3598 654 3661; x_wconf 91' lang='lat' dir='ltr'><strong>ad</strong></span> <span class='ocrx_word' id='word_1_190' title='bbox 672 3598 869 3673; x_wconf 88' lang='lat' dir='ltr'><strong>Dominum,</strong></span> <span class='ocrx_word' id='word_1_191' title='bbox 892 3600 1014 3662; x_wconf 85' lang='lat' dir='ltr'><strong>beatus</strong></span> <span class='ocrx_word' id='word_1_192' title='bbox 1037 3609 1169 3680; x_wconf 88' lang='lat' dir='ltr'><strong>martyr</strong></span> <span class='ocrx_word' id='word_1_193' title='bbox 1188 3599 1356 3676; x_wconf 85' lang='lat' dir='ltr'><strong>Thomas,</strong></span> 
     </span>
     <span class='ocr_line' id='line_1_32' title="bbox 405 3697 1355 3780; baseline 0.002 -19"><span class='ocrx_word' id='word_1_194' title='bbox 405 3698 665 3761; x_wconf 86' lang='lat' dir='ltr'><strong>Cantuariensis</strong></span> <span class='ocrx_word' id='word_1_195' title='bbox 688 3697 980 3779; x_wconf 68' lang='lat' dir='ltr'><strong>archiepiscopus</strong></span> <span class='ocrx_word' id='word_1_196' title='bbox 1003 3719 1064 3780; x_wconf 91' lang='lat' dir='ltr'><strong>per</strong></span> <span class='ocrx_word' id='word_1_197' title='bbox 1088 3707 1157 3762; x_wconf 89' lang='lat' dir='ltr'><strong>tres</strong></span> <span class='ocrx_word' id='word_1_198' title='bbox 1176 3699 1268 3762; x_wconf 87' lang='lat' dir='ltr'><strong>vices</strong></span> <span class='ocrx_word' id='word_1_199' title='bbox 1294 3700 1355 3763; x_wconf 84' lang='lat' dir='ltr'><strong>tri·</strong></span> 
     </span>
    </p>

    <p class='ocr_par' dir='ltr' id='par_1_5' title="bbox 398 3836 1357 4188">
     <span class='ocr_line' id='line_1_33' title="bbox 441 3836 1357 3909; baseline 0 -19"><span class='ocrx_word' id='word_1_200' title='bbox 441 3840 486 3890; x_wconf 83' lang='lat' dir='ltr'><strong>¹In</strong></span> <span class='ocrx_word' id='word_1_201' title='bbox 496 3842 577 3905; x_wconf 77' lang='lat' dir='ltr'><strong>fluuio</strong></span> <span class='ocrx_word' id='word_1_202' title='bbox 589 3877 596 3890; x_wconf 88' lang='lat'><strong>.</strong></span> <span class='ocrx_word' id='word_1_203' title='bbox 610 3877 616 3891; x_wconf 91' lang='lat'><strong>.</strong></span> <span class='ocrx_word' id='word_1_204' title='bbox 630 3877 636 3891; x_wconf 91' lang='lat'><strong>.</strong></span> <span class='ocrx_word' id='word_1_205' title='bbox 649 3840 785 3890; x_wconf 66' lang='lat' dir='ltr'><strong>salmurus</strong></span> <span class='ocrx_word' id='word_1_206' title='bbox 802 3836 865 3909; x_wconf 75' lang='lat' dir='ltr'><strong>ech]</strong></span> <span class='ocrx_word' id='word_1_207' title='bbox 893 3842 952 3903; x_wconf 83' lang='lat' dir='ltr'><strong>this,</strong></span> <span class='ocrx_word' id='word_1_208' title='bbox 966 3842 1021 3890; x_wconf 81' lang='lat' dir='ltr'><strong>thet</strong></span> <span class='ocrx_word' id='word_1_209' title='bbox 1035 3843 1105 3891; x_wconf 82' lang='lat' dir='ltr'><strong>there</strong></span> <span class='ocrx_word' id='word_1_210' title='bbox 1120 3843 1152 3891; x_wconf 87' lang='lat' dir='ltr'><strong>he</strong></span> <span class='ocrx_word' id='word_1_211' title='bbox 1167 3843 1217 3891; x_wconf 87' lang='lat' dir='ltr'><strong>lost</strong></span> <span class='ocrx_word' id='word_1_212' title='bbox 1235 3842 1274 3890; x_wconf 88' lang='lat' dir='ltr'><strong>his</strong></span> <span class='ocrx_word' id='word_1_213' title='bbox 1292 3837 1357 3901; x_wconf 61' lang='lat' dir='ltr'><strong>lise?</strong></span> 
     </span>
     <span class='ocr_line' id='line_1_34' title="bbox 406 3910 1357 3977; baseline -0.001 -17"><span class='ocrx_word' id='word_1_214' title='bbox 406 3912 457 3960; x_wconf 84' lang='lat' dir='ltr'><strong>llis</strong></span> <span class='ocrx_word' id='word_1_215' title='bbox 468 3912 544 3960; x_wconf 85' lang='lat' dir='ltr'><strong>death</strong></span> <span class='ocrx_word' id='word_1_216' title='bbox 553 3912 599 3959; x_wconf 88' lang='lat' dir='ltr'><strong>has</strong></span> <span class='ocrx_word' id='word_1_217' title='bbox 607 3913 671 3960; x_wconf 90' lang='lat' dir='ltr'><strong>been</strong></span> <span class='ocrx_word' id='word_1_218' title='bbox 679 3913 711 3972; x_wconf 92' lang='lat' dir='ltr'><strong>by</strong></span> <span class='ocrx_word' id='word_1_219' title='bbox 719 3926 787 3959; x_wconf 84' lang='lat' dir='ltr'><strong>some</strong></span> <span class='ocrx_word' id='word_1_220' title='bbox 796 3913 866 3959; x_wconf 85' lang='lat' dir='ltr'><strong>attri-</strong></span> <span class='ocrx_word' id='word_1_221' title='bbox 894 3912 962 3973; x_wconf 88' lang='lat' dir='ltr'><strong>Holy</strong></span> <span class='ocrx_word' id='word_1_222' title='bbox 976 3913 1073 3973; x_wconf 83' lang='lat' dir='ltr'><strong>Warre,</strong></span> <span class='ocrx_word' id='word_1_223' title='bbox 1084 3914 1121 3961; x_wconf 90' lang='lat' dir='ltr'><strong>iii.</strong></span> <span class='ocrx_word' id='word_1_224' title='bbox 1134 3910 1178 3977; x_wconf 55' lang='lat' dir='ltr'><strong>§ab</strong></span> <span class='ocrx_word' id='word_1_225' title='bbox 1215 3913 1264 3961; x_wconf 82' lang='lat' dir='ltr'><strong>See</strong></span> <span class='ocrx_word' id='word_1_226' title='bbox 1276 3912 1357 3960; x_wconf 87' lang='lat' dir='ltr'><strong>New-</strong></span> 
     </span>
     <span class='ocr_line' id='line_1_35' title="bbox 405 3980 1106 4047; baseline 0 -16"><span class='ocrx_word' id='word_1_227' title='bbox 405 3982 482 4031; x_wconf 88' lang='lat' dir='ltr'><strong>buted</strong></span> <span class='ocrx_word' id='word_1_228' title='bbox 499 3987 525 4029; x_wconf 85' lang='lat' dir='ltr'><strong>to</strong></span> <span class='ocrx_word' id='word_1_229' title='bbox 537 3982 576 4029; x_wconf 81' lang='lat' dir='ltr'><strong>his</strong></span> <span class='ocrx_word' id='word_1_230' title='bbox 587 3981 692 4043; x_wconf 79' lang='lat' dir='ltr'><strong>batbing</strong></span> <span class='ocrx_word' id='word_1_231' title='bbox 705 3982 731 4029; x_wconf 92' lang='lat' dir='ltr'><strong>in</strong></span> <span class='ocrx_word' id='word_1_232' title='bbox 742 3981 785 4029; x_wconf 87' lang='lat' dir='ltr'><strong>the</strong></span> <span class='ocrx_word' id='word_1_233' title='bbox 797 3980 865 4042; x_wconf 86' lang='lat' dir='ltr'><strong>Cyd·</strong></span> <span class='ocrx_word' id='word_1_234' title='bbox 892 3982 984 4045; x_wconf 79' lang='lat' dir='ltr'><strong>burgh,</strong></span> <span class='ocrx_word' id='word_1_235' title='bbox 995 3983 1030 4032; x_wconf 89' lang='lat' dir='ltr'><strong>iv.</strong></span> <span class='ocrx_word' id='word_1_236' title='bbox 1042 3981 1054 4047; x_wconf 63' lang='grc' dir='ltr'><strong>ξ</strong></span> <span class='ocrx_word' id='word_1_237' title='bbox 1068 3987 1106 4031; x_wconf 76' lang='lat'><strong>1³.</strong></span> 
     </span>
     <span class='ocr_line' id='line_1_36' title="bbox 405 4050 867 4112; baseline 0 -13"><span class='ocrx_word' id='word_1_238' title='bbox 405 4067 463 4112; x_wconf 86' lang='lat' dir='ltr'><strong>nus,</strong></span> <span class='ocrx_word' id='word_1_239' title='bbox 474 4067 502 4099; x_wconf 88' lang='lat' dir='ltr'><strong>or</strong></span> <span class='ocrx_word' id='word_1_240' title='bbox 514 4050 686 4112; x_wconf 85' lang='lat' dir='ltr'><strong>Calycadnus,</strong></span> <span class='ocrx_word' id='word_1_241' title='bbox 701 4052 734 4110; x_wconf 88' lang='lat' dir='ltr'><strong>by</strong></span> <span class='ocrx_word' id='word_1_242' title='bbox 746 4051 829 4099; x_wconf 75' lang='lat' dir='ltr'><strong>obiere</strong></span> <span class='ocrx_word' id='word_1_243' title='bbox 842 4056 867 4099; x_wconf 89' lang='lat' dir='ltr'><strong>to</strong></span> 
     </span>
     <span class='ocr_line' id='line_1_37' title="bbox 398 4115 1356 4188; baseline 0 -20"><span class='ocrx_word' id='word_1_244' title='bbox 398 4121 444 4169; x_wconf 86' lang='lat' dir='ltr'><strong>his</strong></span> <span class='ocrx_word' id='word_1_245' title='bbox 452 4121 540 4182; x_wconf 75' lang='lat' dir='ltr'><strong>falling</strong></span> <span class='ocrx_word' id='word_1_246' title='bbox 549 4120 610 4169; x_wconf 83' lang='lat' dir='ltr'><strong>from</strong></span> <span class='ocrx_word' id='word_1_247' title='bbox 623 4121 662 4169; x_wconf 85' lang='lat' dir='ltr'><strong>his</strong></span> <span class='ocrx_word' id='word_1_248' title='bbox 671 4120 742 4169; x_wconf 83' lang='lat' dir='ltr'><strong>horse</strong></span> <span class='ocrx_word' id='word_1_249' title='bbox 752 4122 776 4167; x_wconf 91' lang='lat' dir='ltr'><strong>in</strong></span> <span class='ocrx_word' id='word_1_250' title='bbox 785 4136 865 4168; x_wconf 85' lang='lat' dir='ltr'><strong>cross·</strong></span> <span class='ocrx_word' id='word_1_251' title='bbox 927 4117 937 4149; x_wconf 79' lang='lat'><strong>²</strong></span> <span class='ocrx_word' id='word_1_252' title='bbox 949 4122 1041 4169; x_wconf 80' lang='lat' dir='ltr'><strong>lneusil</strong></span> <span class='ocrx_word' id='word_1_253' title='bbox 1058 4122 1185 4184; x_wconf 44' lang='lat' dir='ltr'><strong>menmium</strong></span> <span class='ocrx_word' id='word_1_254' title='bbox 1204 4115 1356 4188; x_wconf 53' lang='lat' dir='ltr'><strong>tempestus]</strong></span> 
     </span>
    </p>
   </div>
   <div class='ocr_carea' id='block_1_5' title="bbox 404 4190 1359 4324">
    <p class='ocr_par' dir='ltr' id='par_1_6' title="bbox 404 4190 1359 4324">
     <span class='ocr_line' id='line_1_38' title="bbox 404 4190 1359 4254; baseline 0.002 -17"><span class='ocrx_word' id='word_1_255' title='bbox 404 4191 448 4251; x_wconf 82' lang='lat' dir='ltr'><strong>ing</strong></span> <span class='ocrx_word' id='word_1_256' title='bbox 463 4190 504 4239; x_wconf 88' lang='lat' dir='ltr'><strong>the</strong></span> <span class='ocrx_word' id='word_1_257' title='bbox 520 4191 598 4250; x_wconf 85' lang='lat' dir='ltr'><strong>river;</strong></span> <span class='ocrx_word' id='word_1_258' title='bbox 618 4192 663 4238; x_wconf 91' lang='lat' dir='ltr'><strong>but</strong></span> <span class='ocrx_word' id='word_1_259' title='bbox 679 4190 724 4250; x_wconf 88' lang='lat' dir='ltr'><strong>all,</strong></span> <span class='ocrx_word' id='word_1_260' title='bbox 740 4205 769 4238; x_wconf 80' lang='lat' dir='ltr'><strong>as</strong></span> <span class='ocrx_word' id='word_1_261' title='bbox 782 4190 868 4238; x_wconf 81' lang='lat' dir='ltr'><strong>l&#39;ullnr</strong></span> <span class='ocrx_word' id='word_1_262' title='bbox 894 4190 1026 4241; x_wconf 87' lang='lat' dir='ltr'><strong>Benedict.</strong></span> <span class='ocrx_word' id='word_1_263' title='bbox 1045 4192 1113 4242; x_wconf 81' lang='lat' dir='ltr'><strong>Ahb.</strong></span> <span class='ocrx_word' id='word_1_264' title='bbox 1133 4208 1159 4254; x_wconf 91' lang='lat' dir='ltr'><strong>p.</strong></span> <span class='ocrx_word' id='word_1_265' title='bbox 1179 4194 1243 4252; x_wconf 73' lang='lat'><strong>5943</strong></span> <span class='ocrx_word' id='word_1_266' title='bbox 1271 4191 1359 4239; x_wconf 78' lang='lat' dir='ltr'><strong>llore-</strong></span> 
     </span>
     <span class='ocr_line' id='line_1_39' title="bbox 404 4258 1019 4324; baseline 0.005 -16"><span class='ocrx_word' id='word_1_267' title='bbox 404 4274 473 4321; x_wconf 86' lang='lat' dir='ltr'><strong>says,</strong></span> <span class='ocrx_word' id='word_1_268' title='bbox 485 4260 575 4308; x_wconf 82' lang='lat' dir='ltr'><strong>‘make</strong></span> <span class='ocrx_word' id='word_1_269' title='bbox 591 4276 607 4309; x_wconf 90' lang='lat' dir='ltr'><strong>a</strong></span> <span class='ocrx_word' id='word_1_270' title='bbox 617 4258 713 4310; x_wconf 81' lang='lat' dir='ltr'><strong>dolelul</strong></span> <span class='ocrx_word' id='word_1_271' title='bbox 726 4265 825 4308; x_wconf 88' lang='lat' dir='ltr'><strong>concert</strong></span> <span class='ocrx_word' id='word_1_272' title='bbox 841 4261 866 4309; x_wconf 90' lang='lat' dir='ltr'><strong>in</strong></span> <span class='ocrx_word' id='word_1_273' title='bbox 892 4260 951 4324; x_wconf 86' lang='lat' dir='ltr'><strong>den,</strong></span> <span class='ocrx_word' id='word_1_274' title='bbox 961 4265 1019 4311; x_wconf 77' lang='grc'><strong>668.</strong></span> 
     </span>
    </p>
   </div>
   <div class='ocr_carea' id='block_1_6' title="bbox 0 0 1494 5016">
    <p class='ocr_par' dir='ltr' id='par_1_7' title="bbox 0 0 1494 5016">
     <span class='ocr_line' id='line_1_40' title="bbox 0 0 1494 5016; baseline 0 0"><span class='ocrx_word' id='word_1_275' title='bbox 0 0 1494 5016; x_wconf 95' lang='lat' dir='ltr'><strong> </strong></span> 
     </span>
    </p>
   </div>
  </div>
 </body>
</html>
