2970 5016
374 432 419 494 44
633 446 766 495 noernr
790 445 837 491 nn
861 445 1069 492 wunnovnn

218 625 336 665 malm.
375 611 414 667 ut
440 603 516 686 jam
547 602 633 679 dixi,
659 622 722 667 rex
755 602 970 666 Francorum
1003 602 1149 666 diversae
1177 603 1331 667 nationis

374 701 544 778 homines,
559 702 620 784 qui
639 702 682 765 ad
700 702 779 765 loca
800 708 923 765 sancta
939 701 1193 778 confluxerant,
1208 720 1246 764 se
1263 702 1330 765 sub

373 808 548 883 potestate
569 801 661 881 regis
682 799 849 864 Richardi
868 798 1016 876 tradere,
1036 800 1233 882 famamque
1248 820 1329 882 pro-

374 899 495 963 bitatis
523 899 598 982 ejus
624 898 755 961 indies
783 916 947 975 crescere,
975 917 1017 962 eo
1042 899 1137 981 quod
1165 905 1257 962 esset
1290 899 1326 961 in

375 996 545 1060 thesauris
562 996 778 1078 locupletior,
794 997 830 1059 in
851 995 1026 1061 donativis
1044 995 1229 1078 erogandis
1248 1017 1327 1078 pro-

374 1095 495 1172 fusior,
508 1096 543 1158 in
561 1095 716 1158 exercitu
733 1095 959 1169 numerosior,
974 1095 1011 1158 in
1027 1095 1179 1159 hostium
1195 1114 1329 1177 expug-

375 1192 516 1258 natione
540 1193 698 1271 ferocior,
721 1200 886 1276 reputans
908 1214 971 1276 pro
989 1194 1132 1257 alterius
1151 1193 1326 1258 excellen-

375 1293 455 1356 tiori
477 1292 589 1374 gloria
611 1292 737 1356 famam
760 1293 909 1375 propriae
932 1292 1116 1374 probitatis
1139 1292 1326 1369 obfuscari,

373 1391 541 1455 maturius
565 1409 670 1455 naves
695 1391 906 1455 conscendit.
931 1391 1001 1454 His
1024 1397 1141 1455 autem
1166 1391 1325 1454 omnibus

372 1488 458 1553 illud
474 1491 631 1567 accessit,
648 1489 740 1572 quod
761 1509 875 1554 comes
894 1489 1068 1554 Flandriae
1086 1490 1160 1572 jam
1178 1490 1324 1568 obierat,

372 1589 473 1673 cujus
490 1595 618 1653 terram
639 1588 824 1671 plurimum
847 1589 1030 1669 gestiebat.
1064 1587 1246 1652 Juratoria
1259 1588 1325 1669 igi-

373 1694 430 1751 tur
455 1688 614 1770 praestita
638 1688 810 1764 cautione,
838 1705 882 1749 ue
905 1694 1032 1751 terram
1062 1687 1154 1767 regis
1182 1685 1323 1767 Angliae

371 1786 427 1850 vel
446 1786 652 1869 principum,
670 1786 730 1867 qui
751 1805 829 1848 cum
846 1805 886 1849 eo
904 1785 1139 1861 remanebant,
1153 1785 1323 1849 violenter

371 1884 563 1960 invaderet,
578 1884 739 1962 recessim
760 1904 830 1967 (luo
845 1883 1037 1962 recedente,
1048 1903 1111 1947 rex
1126 1882 1323 1947 Richardus

370 1983 453 2047 fecit
482 1982 613 2047 fossata
635 1981 758 2046 Acbon
790 1991 825 2048 et
855 2003 1030 2047 murorum
1058 1982 1229 2046 scissuras
1258 2002 1320 2064 op·

370 2081 453 2146 timo
467 2081 633 2164 reparari,
651 2088 687 2145 et
702 2081 897 2146 hominibus
913 2090 949 2145 et
965 2082 1069 2146 annis
1085 2082 1306 2147 communire.

598 2257 648 2320 De
656 2277 821 2343 procreare
837 2258 918 2343 repis
931 2242 1098 2321 Richardi.

420 2372 518 2442 Hiis¹
533 2379 584 2444 ita
600 2380 721 2461 gestis,
736 2381 907 2461 gloriosus
924 2400 985 2444 rex
1004 2379 1200 2444 Richardus
1215 2380 1251 2443 in
1271 2381 1319 2444 vi·

366 2478 452 2559 gilia
473 2479 718 2561 assumptionis
743 2479 854 2543 beatae
881 2478 1004 2542 Mariae
1029 2478 1074 2543 ad
1092 2478 1316 2543 obsidendum

367 2585 403 2640 et
426 2576 696 2660 expugnandum
726 2578 917 2641 maritimas
944 2578 1104 2641 civitates
1135 2575 1178 2641 de
1207 2578 1317 2659 portis

367 2675 491 2741 Acbon
518 2677 648 2758 primus
669 2694 747 2739 cum
774 2677 847 2739 suis
871 2676 1161 2741 commilitonibus
1188 2676 1316 2741 audac-

368 2782 422 2839 ter
438 2775 669 2857 progreditur,
688 2775 815 2857 figique
839 2775 985 2839 tentoria
1004 2775 1123 2858 jussit,
1139 2782 1319 2856 spectante

368 2893 388 2937 e
417 2875 530 2938 vicino
557 2875 712 2938 exercitu
742 2874 931 2950 Salaadini,
962 2874 1021 2936 ubi
1048 2874 1118 2937 duo
1143 2873 1252 2936 millia
1282 2882 1318 2938 et

368 2981 534 3036 sexcenta
550 2971 801 3036 Saracenorum
820 2972 1047 3036 damnaverat
1069 2972 1241 3036 sententia
1258 2991 1318 3036 ca·

368 3071 468 3152 pitali
488 3090 533 3133 ex
549 3069 614 3132 hiis
632 3088 719 3151 quos
736 3070 773 3133 in
791 3069 1010 3134 Ptolomaida
1026 3078 1190 3153 ceperant
1206 3090 1318 3152 reges,

367 3176 407 3233 ut
434 3168 593 3250 superius
622 3175 676 3231 est
706 3167 863 3232 relatum.
918 3169 1020 3246 Quod
1049 3170 1107 3233 ubi
1135 3169 1318 3234 Saracenis

367 3267 530 3343 innotuit,
548 3267 607 3348 qui
625 3269 726 3330 urbes
748 3268 939 3332 maritimas
960 3276 1227 3350 occupaverant,
1250 3288 1318 3332 me·

368 3372 505 3429 tuentes
523 3384 566 3429 ne
584 3364 686 3429 simili
707 3366 801 3430 rabie
823 3367 936 3431 ineos
959 3367 1050 3429 sicut
1071 3367 1107 3430 in
1126 3365 1318 3430 Ptolomai-

367 3462 490 3528 denses
522 3465 760 3540 debaccharet,
799 3464 1057 3546 diffidentesque
1090 3465 1134 3528 de
1167 3466 1317 3528 subven-

367 3564 461 3628 tione
483 3563 672 3638 Salaadini,
694 3564 754 3646 qui
777 3583 840 3645 pro
862 3564 1096 3645 redemptione
1113 3570 1316 3626 caeterorum

367 3663 544 3744 postulata
574 3670 772 3743 negaverat,
804 3662 925 3726 relicta
954 3664 1038 3726 urbe
1065 3680 1186 3737 vacua,
1217 3661 1318 3725 diffu-

368 3768 493 3843 gerunt
520 3761 637 3825 statim
671 3781 749 3825 cum
774 3760 865 3841 regis
893 3760 1079 3824 adventum
1109 3760 1315 3837 audierunt;

368 3860 432 3924 hoc
454 3860 543 3924 idem
566 3860 629 3936 illi,
654 3860 713 3942 qui
741 3859 777 3921 in
800 3858 946 3942 Caypha
968 3867 1002 3923 et
1024 3858 1060 3922 in
1084 3858 1316 3934 Caesaream

367 3958 479 4023 Assur
507 3967 542 4022 et
571 3957 687 4040 Joppe
709 3966 744 4021 et
768 3957 866 4021 Gaza
889 3966 924 4021 et
949 3956 1159 4022 Aschalonia
1180 3957 1316 4020 habita·

402 4132 478 4253 ’8411ἐὶ3
486 4134 521 4183 itu
529 4129 632 4200 grstia]
647 4135 718 4184 From
731 4134 898 4197 Coggeshalo,
910 4136 957 4184 col.
967 4139 1024 4184 sla.
1062 4135 1185 4196 Compare
1198 4134 1315 4196 Vinsaus,

366 4219 392 4267 Ρ·
453 4218 536 4267 ΜΨ·
