2970 5016
451 476 591 525 necans
614 462 1145 527 mercamentum

191 634 330 709 endum,
357 639 407 708 ut,
423 631 595 708 videlicet,
624 631 709 695 nihil
732 650 837 695 morae
854 631 909 695 vel
932 629 1145 695 difficultatis

190 733 294 797 rectis
316 731 600 813 dispositionibus
625 730 815 806 auferatur,
838 750 881 793 ne
904 731 1003 811 gregi
1022 731 1143 793 Domi·

193 832 272 895 nico
294 830 353 893 diu
376 830 467 894 desit
487 849 572 893 cura
593 829 790 912 pastoralis.
842 827 1016 906 Quocirca
1032 848 1076 892 ne
1092 830 1145 892 val

193 929 392 994 discretioni
415 936 485 993 tuas
503 930 559 992 vel
584 928 694 1009 regali
718 928 910 1010 prudentiae
937 935 1146 1009 suggeratur

195 1049 217 1092 a
241 1047 429 1110 quoquam,
448 1027 540 1110 quod
563 1027 783 1110 aliquatenus
803 1027 919 1091 valeat
941 1046 964 1089 a
986 1046 1145 1091 consum-

194 1128 346 1191 matione
364 1126 468 1209 hujus
485 1125 587 1190 officii
604 1127 771 1201 revocari,
789 1126 950 1208 quoniam
967 1126 1097 1208 absque
1111 1126 1147 1190 vi

195 1235 231 1290 et
242 1226 322 1290 dolo
334 1245 413 1289 cum
425 1226 592 1289 canonica
607 1225 654 1288 sit
664 1225 788 1289 electio
802 1224 845 1288 de
862 1243 1012 1307 persona
1024 1225 1147 1289 idonea

197 1324 413 1388 concorditer
428 1324 613 1400 celebrata,
635 1324 711 1387 sine
733 1322 859 1386 damno
881 1323 983 1388 famae
1005 1333 1041 1388 et
1058 1325 1148 1407 peri-

197 1424 276 1488 culo
298 1424 517 1489 conscientiae
542 1431 670 1487 nostrae
687 1421 823 1485 differre
841 1441 917 1486 eam
939 1442 1008 1486 non
1030 1442 1150 1505 posse-

198 1543 287 1586 mus.
334 1523 390 1585 Tu
407 1542 503 1603 ergo,
521 1522 570 1585 fili
584 1522 773 1597 carissime,
788 1521 888 1604 cujus
906 1520 1025 1585 honori
1043 1541 1149 1603 supra

193 1622 254 1705 jus
270 1620 402 1685 deferre
421 1620 631 1697 curavimus,
652 1620 838 1684 secundum
851 1620 912 1704 jus
933 1628 1051 1684 nostro
1073 1629 1147 1684 stu-

197 1720 283 1785 deas
300 1720 422 1784 honori
445 1720 590 1796 deferre,
616 1727 656 1783 ut
672 1720 820 1801 gratiam
840 1719 993 1783 divinam
1016 1727 1050 1783 et
1068 1739 1147 1783 nos·

199 1827 288 1883 tram
311 1820 449 1882 uberius
467 1820 649 1898 merearis3
681 1838 724 1882 ue
743 1817 844 1894 sorte,
861 1819 888 1881 si
907 1837 1007 1882 secus
1024 1820 1148 1899 egeris,

198 1919 326 1981 ineam
343 1926 377 1982 te
395 1917 632 1982 difficultatem
650 1917 805 1994 inducas,
822 1917 864 1980 de
880 1936 950 1999 qua
965 1937 1033 1980 non
1049 1917 1149 1981 facile

198 2017 318 2080 valeas
341 2017 509 2098 expediri,
531 2036 610 2081 cum
634 2016 772 2081 tandem
792 2024 952 2098 oporteat
974 2016 1061 2080 Eum
1078 2019 1150 2081 vin-

199 2135 288 2192 cere,
312 2117 368 2181 cui
391 2115 542 2180 flectitur
563 2135 664 2179 omne
686 2136 778 2198 genu
801 2115 1002 2192 caelestium,
1025 2123 1150 2180 terres-

200 2215 304 2279 trium
322 2222 358 2279 at
368 2215 590 2291 infernorum,
607 2215 707 2298 cujus
719 2235 782 2279 nos
792 2215 884 2279 vices
896 2216 931 2278 in
945 2215 1057 2292 terris,
1069 2216 1151 2279 licet

1157 647 1211 688 Μ).
1223 648 1280 687 120?-

1155 696 1307 787 ‚widh

1156 799 1251 839 tolo-im

199 2314 373 2390 immeriti,
391 2333 603 2379 exercemus.
657 2314 689 2377 N
694 2334 713 2377 e
736 2314 843 2396 igitur
861 2334 979 2378 eorum
999 2315 1151 2379 consiliis
1170 2380 1176 2399 ,

201 2413 416 2494 adquiescas,
432 2414 492 2496 qui
509 2421 606 2477 tuam
622 2432 757 2495 semper
774 2415 1003 2478 turbationem
1019 2413 1153 2478 deside·

201 2521 295 2588 rant,
318 2520 357 2576 ut
383 2512 505 2576 melius
529 2513 666 2594 possint
689 2514 724 2574 in
748 2532 840 2594 aqua
856 2512 994 2575 turbida
1014 2513 1151 2594 piscari,

201 2611 263 2675 sed
278 2618 398 2675 nostro
413 2611 629 2693 beneplacito
647 2618 682 2675 te
699 2613 907 2687 committas,
923 2610 1015 2692 quod
1032 2612 1152 2693 utique

202 2709 267 2773 tibi
289 2710 388 2773 cedet
404 2710 448 2773 ad
471 2710 621 2786 laudem,
636 2710 783 2791 gloriam
806 2718 841 2773 et
856 2709 1039 2788 bonorem3
1070 2711 1153 2791 quia

204 2829 274 2872 non
299 2816 392 2873 esset
408 2810 471 2874 tibi
491 2817 606 2873 tutum
628 2810 663 2872 in
686 2809 752 2872 bac
774 2827 880 2872 causa
894 2808 971 2872 Deo
994 2816 1029 2872 et
1047 2808 1152 2872 eccle-

203 2909 264 2970 siae
283 2927 489 2991 repugnare,
512 2928 575 2991 pro
596 2928 666 2991 qua
686 2909 809 2972 beatus
832 2916 964 2991 martyr
986 2917 1021 2972 et
1037 2909 1152 2990 ponti·

203 3007 263 3071 fex
285 3007 458 3088 gloriosus
474 3007 627 3071 Thomas
649 3009 853 3089 sangninem
876 3026 976 3070 suum
999 3016 1154 3071 recenter

203 3105 336 3183 effudit,
364 3108 555 3189 praesertim
587 3127 631 3170 ex
664 3126 733 3189 quo
757 3116 857 3189 pater
883 3115 917 3170 et
944 3106 1051 3170 frater
1072 3115 1154 3170 tuns

202 3205 306 3268 clarae
328 3206 514 3282 memoriae,
535 3213 618 3269 tunc
636 3225 735 3288 reges
754 3207 960 3288 Anglorum,
983 3207 1018 3269 in
1043 3207 1154 3270 mani·

202 3305 268 3367 bus
300 3304 495 3386 legatorum
526 3306 727 3387 apostolicae
759 3305 851 3369 sedis
883 3306 976 3369 illam
1011 3326 1152 3388 pravam

204 3404 487 3469 consuetudinem
501 3405 718 3487 abjurarunt.
771 3403 848 3469 Nos
863 3413 991 3479 autern,
1008 3407 1038 3468 si
1055 3405 1154 3467 nobis

204 3501 379 3566 humiliter
392 3503 622 3585 adquieveris,
633 3502 841 3567 sufficienter
857 3505 920 3568 tibi
937 3512 972 3567 et
989 3503 1058 3565 tuis
1077 3523 1154 3585 pro-

202 3601 320 3666 videre
342 3603 550 3679 curabimuS,
574 3623 616 3666 ne
637 3623 743 3685 super
760 3602 825 3665 boc
842 3601 960 3666 valeat
977 3602 1075 3664 vobis
1093 3602 1156 3665 ali-

203 3700 295 3781 quod
311 3701 550 3784 praejudicium
567 3703 736 3783 generari.
769 3703 865 3765 Data
879 3700 1055 3777 Laterani,
1069 3719 1156 3781 pon-

203 3798 355 3863 tificatus
376 3802 487 3865 nostri
511 3821 603 3865 anno
630 3801 787 3866 decimo.’
838 3799 968 3863 Eodem
991 3819 1095 3876 anno,
1121 3800 1157 3863 in

204 3898 261 3961 die
275 3899 389 3963 sancti
408 3899 572 3981 Remigii,
590 3900 718 3976 Isabel,
737 3898 930 3981 Anglorum
950 3900 1082 3980 regina,
1098 3919 1157 3980 pe·

203 3998 295 4080 perit
308 3998 332 4061 J
335 3999 463 4063 obanni
479 4000 552 4082 regi
570 4000 678 4064 filium
699 4019 800 4063 suurn
823 3999 1101 4082 primogenitum,
1123 4005 1159 4061 et

202 4104 347 4161 vocatus
365 4108 418 4162 est
435 4100 571 4162 nomine
587 4100 645 4163 avi
660 4098 714 4160 sui
731 4091 937 4161 ¹Henricus.

436 4247 600 4320 ¹Hearieas.]
618 4250 777 4301 Asterwards
789 4251 878 4312 Henry
886 4251 939 4301 111.
