2970 5016
185 646 240 685 Ab.
251 647 307 685 121³.

185 697 272 736 chartei
280 696 306 735 oi

185 747 259 796 lioury
268 746 287 785 1.

345 454 411 519 266
602 469 735 517 nouum
763 471 809 517 nu
832 471 1039 519 wuunovun

347 629 391 691 ab
419 629 512 692 omui
540 647 643 710 opere
675 630 815 710 proprio
843 628 935 693 douo
964 647 1041 692 meo
1067 627 1232 702 concedo,
1260 636 1298 690 ut

346 729 438 791 sicut
460 736 531 791 tam
564 747 691 808 magno
723 729 924 809 gravamine
958 727 1113 792 alleviati
1140 734 1235 803 sunt,
1263 727 1298 789 in

346 827 446 908 equis
468 835 503 891 et
522 828 626 891 armis
649 846 687 890 se
709 828 796 890 bene
818 828 1004 904 instruant,
1026 834 1067 890 ut
1085 826 1160 909 apti
1179 833 1216 889 et
1238 845 1297 908 pa-

346 925 415 989 rati
437 926 508 989 siut
528 926 572 990 ad
594 926 772 990 servitium
801 945 913 990 meum
940 934 976 990 et
997 925 1041 990 ad
1065 924 1296 989 defensionem

347 1025 445 1106 regni
468 1026 545 1089 mei.
612 1024 740 1089 Pacem
762 1026 895 1089 firmam
920 1045 1011 1108 pono
1033 1025 1070 1087 in
1093 1031 1169 1088 toto
1191 1043 1297 1105 reguo

347 1144 436 1200 mec,
464 1132 500 1188 et
521 1125 631 1188 teneri
659 1124 783 1188 amodo
811 1125 986 1206 praecipio.
1039 1123 1174 1205 Legem
1207 1124 1296 1204 regis

348 1221 532 1287 Eadwardi
549 1223 648 1287 vobis
665 1223 783 1299 reddo,
801 1243 877 1287 cum
900 1223 968 1286 illis
986 1222 1295 1299 emendationibus,

347 1322 471 1403 quibus
503 1329 603 1404 pater
628 1340 724 1385 meus
748 1341 824 1386 eam
851 1322 1046 1387 emendavit
1068 1321 1214 1385 consilio
1235 1322 1294 1384 ba-

347 1440 470 1484 ronum
491 1440 645 1485 suorum.
697 1420 735 1484 Si
754 1422 832 1504 quis
852 1420 981 1503 aliquid
1003 1419 1046 1484 de
1068 1440 1158 1497 meo,
1176 1420 1232 1484 vel
1253 1420 1295 1483 de

347 1520 449 1583 rebus
466 1519 626 1604 alicujus,
644 1527 725 1602 post
738 1521 870 1584 obitum
887 1521 979 1602 regis
995 1519 1162 1584 willelmi
1180 1519 1294 1583 fratris

347 1620 414 1682 mei
437 1620 540 1701 cepit,
565 1626 674 1683 totum
700 1619 769 1683 cito
795 1617 958 1683 reddatur
984 1619 1115 1700 absque
1138 1619 1296 1681 emenda·

347 1718 467 1796 tione;
502 1724 538 1781 et
568 1718 598 1781 si
629 1718 707 1799 quis
739 1717 819 1781 iude
851 1717 981 1800 aliquid
1012 1719 1208 1794 retinuerit,
1238 1717 1294 1781 ille

346 1835 452 1898 super
469 1836 570 1898 quem
590 1817 769 1881 inventum
788 1816 891 1880 inerit
907 1818 1060 1899 graviter
1082 1816 1166 1880 mihi
1183 1836 1295 1880 emen·

346 1916 453 1980 dabit.
499 1915 663 1980 'festibus
678 1908 858 1992 Mauritio,
875 1916 1108 1981 Londoniousi
1121 1916 1295 1998 episcopo,

346 2013 536 2090 Willelmo,
554 2015 787 2079 wintoniensi
809 2015 933 2093 eleeto,
954 2014 1125 2092 Gerardo,
1150 2014 1294 2079 Herfor·

345 2112 444 2175 densi
465 2114 641 2195 episcopo,
662 2113 817 2177 Henrico
837 2115 974 2191 comite,
997 2114 1137 2178 Simone
1158 2115 1294 2190 comite,

346 2210 505 2275 Waltero
522 2209 656 2275 Giffard
674 2214 811 2289 comite,
829 2213 986 2278 Roberto
1001 2213 1044 2277 de
1063 2212 1102 2276 M
1105 2213 1294 2289 oute-forti,

347 2308 489 2389 Rogero
507 2310 633 2391 Bigod,
648 2318 683 2374 et
701 2310 779 2375 aliis
795 2313 937 2376 multis!
983 2311 1071 2377 Cum
1089 2319 1205 2376 autem
1223 2311 1293 2375 baec

346 2407 468 2471 charta
493 2409 646 2492 perlecta
671 2418 706 2474 et
728 2412 914 2475 baronibus
941 2411 1162 2476 audientibus
1193 2410 1294 2475 iutel-

346 2507 438 2571 lecta
459 2507 594 2586 suisset,
622 2509 734 2591 gavisi
765 2518 847 2574 suut
875 2510 1002 2592 gaudio
1028 2529 1158 2591 magno
1183 2509 1293 2586 valde,

347 2614 383 2671 et
400 2607 607 2690 juraveruut
629 2628 747 2672 omnes
771 2608 807 2672 iu
835 2611 1022 2690 praeseutia
1046 2609 1294 2691 archiepiscopi

346 2725 439 2787 saepe
458 2706 553 2784 dicti,
572 2707 677 2789 quod,
695 2708 770 2771 viso
787 2715 941 2789 tempore
961 2728 1126 2789 congruo,
1149 2728 1213 2790 pro
1231 2707 1294 2771 biis

346 2805 575 2883 libertatibus
598 2807 628 2869 si
651 2825 789 2870 necesse
808 2807 922 2884 fucrit,
944 2807 1172 2872 decertabunt
1189 2826 1295 2889 usque

346 2905 390 2966 ad
426 2912 597 2982 mortom3
639 2905 918 2987 archiepiscopus
949 2927 1032 2970 vero
1063 2907 1222 2988 promisit
1247 2906 1295 2969 eis

347 3001 579 3065 fidelissimum
604 3005 772 3067 auxilium
802 3024 901 3068 suum
928 3025 1117 3087 proposse
1144 3025 1220 3081 suo,
1250 3011 1294 3081 et,

346 3100 397 3163 sic
425 3101 717 3167 confoederatione
743 3104 836 3168 facta
868 3104 959 3168 iuter
986 3125 1058 3181 eos,
1085 3105 1294 3187 colloquium

346 3198 497 3262 solutum
514 3208 579 3264 est.

367 3361 417 3426 De
430 3363 535 3427 baeresi
548 3362 763 3450 Albipcnst'um
779 3376 807 3431 et
817 3368 1043 3451 predicatione
1050 3370 1148 3453 sacta
1166 3379 1273 3434 contra

793 3488 849 3529 eos.

410 3584 512 3650 Circa
543 3586 617 3650 dies
649 3588 735 3651 istos
766 3588 1004 3654 haereticorum
1039 3591 1210 3672 pravitas,
1237 3592 1294 3673 qui

345 3680 568 3766 Albigouses¹
586 3687 816 3768 appellantur,
834 3690 870 3751 in
883 3689 1085 3765 Wascouia,
1103 3688 1295 3774 Arumpnia

345 3792 380 3847 et
397 3784 597 3866 Albegesio,
619 3786 832 3868 inpartibus
855 3787 1064 3852 Tholosanis
1087 3796 1123 3852 et
1140 3789 1294 3873 Arrago·

380 3956 552 4023 ¹Atbigenses.
569 3955 582 4028 ]
617 3961 741 4024 Amougst
763 3962 805 4010 the
832 3961 887 4024 frey
897 3962 926 4011 cf
940 3964 967 4013 S.
986 3964 1135 4027 Pantaleon,
1152 3965 1203 4012 und
1220 3965 1294 4014 Jaco-

344 4029 492 4078 authorities
503 4035 528 4077 to
539 4032 571 4078 be
583 4032 714 4078 consulted
722 4046 753 4080 ou
763 4031 805 4079 the
832 4033 880 4080 bus
890 4033 923 4081 de
935 4033 1056 4083 Vitriaco.
1092 4034 1129 4082 To
1141 4034 1226 4083 vvbich
1237 4048 1293 4094 may

343 4099 411 4147 eixth
422 4099 539 4161 crusade,
551 4114 609 4160 may
620 4102 652 4149 be
664 4101 806 4149 mentioued
832 4102 863 4150 be
889 4102 973 4151 added
998 4103 1136 4164 Vaissette,
1162 4104 1294 4159 Michaud,

344 4168 500 4229 bernardus,
519 4169 658 4231 Abulieda,
683 4171 806 4232 Seuutus,
834 4171 962 4233 Lauglcis,
987 4172 1091 4235 Guium,
1119 4174 1216 4236 Fuller,
1246 4173 1294 4223 aud

342 4237 384 4286 thu
405 4239 538 4288 (broniolo
557 4238 586 4287 of
602 4240 715 4303 Alberic,
733 4240 804 4290 God-
832 4241 912 4290 Mille.
