<?xml version="1.0" encoding="UTF-8"?>
<!DOCTYPE html PUBLIC "-//W3C//DTD XHTML 1.0 Transitional//EN"
    "http://www.w3.org/TR/xhtml1/DTD/xhtml1-transitional.dtd">
<html xmlns="http://www.w3.org/1999/xhtml" xml:lang="en" lang="en">
 <head>
  <title>
</title>
<meta http-equiv="Content-Type" content="text/html;charset=utf-8" />
  <meta name='ocr-system' content='tesseract 3.04.00' />
  <meta name='ocr-capabilities' content='ocr_page ocr_carea ocr_par ocr_line ocrx_word'/>
</head>
<body>
  <div class='ocr_page' id='page_1' title='image "./rogeridewendove08rogegoog_0179.png"; bbox 0 0 2970 5016; ppageno 0'>
   <div class='ocr_carea' id='block_1_1' title="bbox 412 431 1103 495">
    <p class='ocr_par' dir='ltr' id='par_1_1' title="bbox 412 431 1103 495">
     <span class='ocr_line' id='line_1_1' title="bbox 412 431 1103 495; baseline 0.001 -1"><span class='ocrx_word' id='word_1_1' title='bbox 412 431 477 494; x_wconf 86' lang='lat'><strong>170</strong></span> <span class='ocrx_word' id='word_1_2' title='bbox 666 447 801 495; x_wconf 83' lang='lat' dir='ltr'><strong>aocnar</strong></span> <span class='ocrx_word' id='word_1_3' title='bbox 825 448 872 494; x_wconf 83' lang='lat' dir='ltr'><strong>na</strong></span> <span class='ocrx_word' id='word_1_4' title='bbox 895 447 1103 495; x_wconf 82' lang='lat' dir='ltr'><strong>waunovnn</strong></span> 
     </span>
    </p>
   </div>
   <div class='ocr_carea' id='block_1_2' title="bbox 248 602 1364 1877">
    <p class='ocr_par' dir='ltr' id='par_1_2' title="bbox 248 602 1364 1877">
     <span class='ocr_line' id='line_1_2' title="bbox 248 602 1363 687; baseline -0.001 -20"><span class='ocrx_word' id='word_1_5' title='bbox 248 638 304 678; x_wconf 61' lang='grc' dir='ltr'><strong>Μ),</strong></span> <span class='ocrx_word' id='word_1_6' title='bbox 317 639 372 677; x_wconf 69' lang='lat'>1202,</span> <span class='ocrx_word' id='word_1_7' title='bbox 412 604 464 667; x_wconf 87' lang='lat' dir='ltr'><strong>nis</strong></span> <span class='ocrx_word' id='word_1_8' title='bbox 482 604 567 681; x_wconf 87' lang='lat' dir='ltr'><strong>suis,</strong></span> <span class='ocrx_word' id='word_1_9' title='bbox 590 624 651 686; x_wconf 92' lang='lat' dir='ltr'><strong>per</strong></span> <span class='ocrx_word' id='word_1_10' title='bbox 672 604 746 668; x_wconf 88' lang='lat' dir='ltr'><strong>dies</strong></span> <span class='ocrx_word' id='word_1_11' title='bbox 768 602 963 686; x_wconf 89' lang='lat' dir='ltr'><strong>quindecim</strong></span> <span class='ocrx_word' id='word_1_12' title='bbox 985 604 1214 687; x_wconf 79' lang='lat' dir='ltr'><strong>petrariarum</strong></span> <span class='ocrx_word' id='word_1_13' title='bbox 1236 623 1302 667; x_wconf 91' lang='lat' dir='ltr'><strong>usu</strong></span> <span class='ocrx_word' id='word_1_14' title='bbox 1326 611 1363 666; x_wconf 91' lang='lat' dir='ltr'><strong>et</strong></span> 
     </span>
     <span class='ocr_line' id='line_1_3' title="bbox 411 702 1363 781; baseline -0.002 -14"><span class='ocrx_word' id='word_1_15' title='bbox 411 703 614 768; x_wconf 82' lang='lat' dir='ltr'><strong>balistarum</strong></span> <span class='ocrx_word' id='word_1_16' title='bbox 645 723 762 767; x_wconf 88' lang='lat' dir='ltr'><strong>muros</strong></span> <span class='ocrx_word' id='word_1_17' title='bbox 790 702 979 767; x_wconf 86' lang='lat' dir='ltr'><strong>dissolvere</strong></span> <span class='ocrx_word' id='word_1_18' title='bbox 1008 703 1204 781; x_wconf 86' lang='lat' dir='ltr'><strong>laboravit;</strong></span> <span class='ocrx_word' id='word_1_19' title='bbox 1237 702 1363 766; x_wconf 87' lang='lat' dir='ltr'><strong>inclusi</strong></span> 
     </span>
     <span class='ocr_line' id='line_1_4' title="bbox 411 802 1363 885; baseline -0.002 -19"><span class='ocrx_word' id='word_1_20' title='bbox 411 803 620 866; x_wconf 92' lang='lat' dir='ltr'><strong>econtrario</strong></span> <span class='ocrx_word' id='word_1_21' title='bbox 636 803 782 867; x_wconf 86' lang='lat' dir='ltr'><strong>viriliter</strong></span> <span class='ocrx_word' id='word_1_22' title='bbox 805 803 1004 867; x_wconf 83' lang='lat' dir='ltr'><strong>resistentes</strong></span> <span class='ocrx_word' id='word_1_23' title='bbox 1018 803 1140 867; x_wconf 91' lang='lat' dir='ltr'><strong>crebra</strong></span> <span class='ocrx_word' id='word_1_24' title='bbox 1154 802 1309 885; x_wconf 86' lang='lat' dir='ltr'><strong>lapidum</strong></span> <span class='ocrx_word' id='word_1_25' title='bbox 1326 808 1363 864; x_wconf 94' lang='lat' dir='ltr'><strong>et</strong></span> 
     </span>
     <span class='ocr_line' id='line_1_5' title="bbox 412 901 1363 984; baseline -0.002 -18"><span class='ocrx_word' id='word_1_26' title='bbox 412 902 559 966; x_wconf 85' lang='lat' dir='ltr'><strong>telorum</strong></span> <span class='ocrx_word' id='word_1_27' title='bbox 581 903 765 966; x_wconf 84' lang='lat' dir='ltr'><strong>emissione</strong></span> <span class='ocrx_word' id='word_1_28' title='bbox 781 901 899 966; x_wconf 88' lang='lat' dir='ltr'><strong>hostes</strong></span> <span class='ocrx_word' id='word_1_29' title='bbox 923 902 1062 984; x_wconf 88' lang='lat' dir='ltr'><strong>longius</strong></span> <span class='ocrx_word' id='word_1_30' title='bbox 1087 921 1205 966; x_wconf 89' lang='lat' dir='ltr'><strong>arcere</strong></span> <span class='ocrx_word' id='word_1_31' title='bbox 1224 903 1363 965; x_wconf 88' lang='lat' dir='ltr'><strong>instite-</strong></span> 
     </span>
     <span class='ocr_line' id='line_1_6' title="bbox 411 1000 1364 1084; baseline 0 -21"><span class='ocrx_word' id='word_1_32' title='bbox 411 1009 505 1078; x_wconf 91' lang='lat' dir='ltr'><strong>runt,</strong></span> <span class='ocrx_word' id='word_1_33' title='bbox 527 1001 600 1078; x_wconf 89' lang='lat' dir='ltr'><strong>sed,</strong></span> <span class='ocrx_word' id='word_1_34' title='bbox 626 1021 704 1064; x_wconf 89' lang='lat' dir='ltr'><strong>curn</strong></span> <span class='ocrx_word' id='word_1_35' title='bbox 731 1000 869 1065; x_wconf 87' lang='lat' dir='ltr'><strong>tandem</strong></span> <span class='ocrx_word' id='word_1_36' title='bbox 892 1001 935 1066; x_wconf 95' lang='lat' dir='ltr'><strong>de</strong></span> <span class='ocrx_word' id='word_1_37' title='bbox 953 1002 1115 1084; x_wconf 89' lang='lat' dir='ltr'><strong>captione</strong></span> <span class='ocrx_word' id='word_1_38' title='bbox 1133 1000 1280 1066; x_wconf 85' lang='lat' dir='ltr'><strong>Arthuri</strong></span> <span class='ocrx_word' id='word_1_39' title='bbox 1304 1021 1364 1064; x_wconf 88' lang='lat' dir='ltr'><strong>so·</strong></span> 
     </span>
     <span class='ocr_line' id='line_1_7' title="bbox 410 1100 1363 1183; baseline -0.002 -19"><span class='ocrx_word' id='word_1_40' title='bbox 410 1100 609 1182; x_wconf 89' lang='lat' dir='ltr'><strong>ciorumque</strong></span> <span class='ocrx_word' id='word_1_41' title='bbox 631 1101 740 1183; x_wconf 91' lang='lat' dir='ltr'><strong>ipsius</strong></span> <span class='ocrx_word' id='word_1_42' title='bbox 762 1120 879 1164; x_wconf 92' lang='lat' dir='ltr'><strong>rumor</strong></span> <span class='ocrx_word' id='word_1_43' title='bbox 898 1101 942 1164; x_wconf 91' lang='lat' dir='ltr'><strong>ad</strong></span> <span class='ocrx_word' id='word_1_44' title='bbox 968 1120 1069 1165; x_wconf 86' lang='lat' dir='ltr'><strong>aures</strong></span> <span class='ocrx_word' id='word_1_45' title='bbox 1092 1100 1183 1183; x_wconf 88' lang='lat' dir='ltr'><strong>regis</strong></span> <span class='ocrx_word' id='word_1_46' title='bbox 1207 1100 1363 1163; x_wconf 87' lang='lat' dir='ltr'><strong>Franco·</strong></span> 
     </span>
     <span class='ocr_line' id='line_1_8' title="bbox 411 1199 1362 1282; baseline -0.002 -18"><span class='ocrx_word' id='word_1_47' title='bbox 411 1219 487 1264; x_wconf 90' lang='lat' dir='ltr'><strong>rum</strong></span> <span class='ocrx_word' id='word_1_48' title='bbox 513 1200 741 1282; x_wconf 84' lang='lat' dir='ltr'><strong>pervolasset,</strong></span> <span class='ocrx_word' id='word_1_49' title='bbox 763 1200 829 1263; x_wconf 92' lang='lat' dir='ltr'><strong>sub</strong></span> <span class='ocrx_word' id='word_1_50' title='bbox 847 1202 1001 1264; x_wconf 86' lang='lat' dir='ltr'><strong>maxima</strong></span> <span class='ocrx_word' id='word_1_51' title='bbox 1016 1200 1193 1264; x_wconf 88' lang='lat' dir='ltr'><strong>celeritate</strong></span> <span class='ocrx_word' id='word_1_52' title='bbox 1207 1199 1251 1262; x_wconf 94' lang='lat' dir='ltr'><strong>ab</strong></span> <span class='ocrx_word' id='word_1_53' title='bbox 1269 1199 1362 1263; x_wconf 91' lang='lat' dir='ltr'><strong>obsi·</strong></span> 
     </span>
     <span class='ocr_line' id='line_1_9' title="bbox 411 1298 1364 1382; baseline -0.003 -19"><span class='ocrx_word' id='word_1_54' title='bbox 411 1298 513 1363; x_wconf 92' lang='lat' dir='ltr'><strong>dione</strong></span> <span class='ocrx_word' id='word_1_55' title='bbox 539 1298 743 1362; x_wconf 87' lang='lat' dir='ltr'><strong>furibundus</strong></span> <span class='ocrx_word' id='word_1_56' title='bbox 762 1299 916 1364; x_wconf 86' lang='lat' dir='ltr'><strong>recessit.</strong></span> <span class='ocrx_word' id='word_1_57' title='bbox 969 1299 1012 1362; x_wconf 92' lang='lat' dir='ltr'><strong>In</strong></span> <span class='ocrx_word' id='word_1_58' title='bbox 1038 1319 1108 1382; x_wconf 92' lang='lat' dir='ltr'><strong>qno</strong></span> <span class='ocrx_word' id='word_1_59' title='bbox 1130 1317 1268 1362; x_wconf 89' lang='lat' dir='ltr'><strong>recessu</strong></span> <span class='ocrx_word' id='word_1_60' title='bbox 1296 1298 1364 1361; x_wconf 89' lang='lat' dir='ltr'><strong>sibi</strong></span> 
     </span>
     <span class='ocr_line' id='line_1_10' title="bbox 411 1398 1364 1481; baseline -0.001 -20"><span class='ocrx_word' id='word_1_61' title='bbox 411 1398 515 1462; x_wconf 89' lang='lat' dir='ltr'><strong>obvia</strong></span> <span class='ocrx_word' id='word_1_62' title='bbox 537 1417 684 1481; x_wconf 86' lang='lat' dir='ltr'><strong>quaeque</strong></span> <span class='ocrx_word' id='word_1_63' title='bbox 706 1399 916 1463; x_wconf 89' lang='lat' dir='ltr'><strong>conterendo</strong></span> <span class='ocrx_word' id='word_1_64' title='bbox 938 1398 1041 1462; x_wconf 91' lang='lat' dir='ltr'><strong>simul</strong></span> <span class='ocrx_word' id='word_1_65' title='bbox 1063 1406 1099 1462; x_wconf 93' lang='lat' dir='ltr'><strong>et</strong></span> <span class='ocrx_word' id='word_1_66' title='bbox 1115 1398 1196 1479; x_wconf 91' lang='lat' dir='ltr'><strong>igne</strong></span> <span class='ocrx_word' id='word_1_67' title='bbox 1221 1398 1364 1461; x_wconf 89' lang='lat' dir='ltr'><strong>combu-</strong></span> 
     </span>
     <span class='ocr_line' id='line_1_11' title="bbox 413 1496 1363 1581; baseline 0.001 -22"><span class='ocrx_word' id='word_1_68' title='bbox 413 1496 519 1561; x_wconf 92' lang='lat' dir='ltr'><strong>rendo</strong></span> <span class='ocrx_word' id='word_1_69' title='bbox 544 1498 769 1581; x_wconf 86' lang='lat' dir='ltr'><strong>consumpsit,</strong></span> <span class='ocrx_word' id='word_1_70' title='bbox 792 1498 939 1562; x_wconf 91' lang='lat' dir='ltr'><strong>virorum</strong></span> <span class='ocrx_word' id='word_1_71' title='bbox 965 1498 1203 1579; x_wconf 88' lang='lat' dir='ltr'><strong>religiosorum</strong></span> <span class='ocrx_word' id='word_1_72' title='bbox 1223 1516 1363 1560; x_wconf 86' lang='lat' dir='ltr'><strong>monas·</strong></span> 
     </span>
     <span class='ocr_line' id='line_1_12' title="bbox 413 1596 1363 1678; baseline -0.002 -18"><span class='ocrx_word' id='word_1_73' title='bbox 413 1598 501 1660; x_wconf 88' lang='lat' dir='ltr'><strong>teria</strong></span> <span class='ocrx_word' id='word_1_74' title='bbox 523 1596 670 1661; x_wconf 86' lang='lat' dir='ltr'><strong>flammis</strong></span> <span class='ocrx_word' id='word_1_75' title='bbox 692 1597 962 1662; x_wconf 89' lang='lat' dir='ltr'><strong>discurrentibus</strong></span> <span class='ocrx_word' id='word_1_76' title='bbox 984 1598 1019 1660; x_wconf 90' lang='lat' dir='ltr'><strong>in</strong></span> <span class='ocrx_word' id='word_1_77' title='bbox 1044 1596 1182 1661; x_wconf 87' lang='lat' dir='ltr'><strong>favillas</strong></span> <span class='ocrx_word' id='word_1_78' title='bbox 1205 1596 1363 1678; x_wconf 88' lang='lat' dir='ltr'><strong>redegit;</strong></span> 
     </span>
     <span class='ocr_line' id='line_1_13' title="bbox 412 1695 1363 1761; baseline 0 -3"><span class='ocrx_word' id='word_1_79' title='bbox 412 1695 534 1759; x_wconf 90' lang='lat' dir='ltr'><strong>deinde</strong></span> <span class='ocrx_word' id='word_1_80' title='bbox 557 1696 712 1760; x_wconf 86' lang='lat' dir='ltr'><strong>Parisios</strong></span> <span class='ocrx_word' id='word_1_81' title='bbox 730 1697 871 1761; x_wconf 87' lang='lat' dir='ltr'><strong>veniens</strong></span> <span class='ocrx_word' id='word_1_82' title='bbox 894 1696 1068 1760; x_wconf 89' lang='lat' dir='ltr'><strong>residuum</strong></span> <span class='ocrx_word' id='word_1_83' title='bbox 1091 1696 1172 1759; x_wconf 89' lang='lat' dir='ltr'><strong>anni</strong></span> <span class='ocrx_word' id='word_1_84' title='bbox 1187 1695 1282 1760; x_wconf 86' lang='lat' dir='ltr'><strong>illius</strong></span> <span class='ocrx_word' id='word_1_85' title='bbox 1299 1695 1363 1758; x_wconf 85' lang='lat' dir='ltr'><strong>im·</strong></span> 
     </span>
     <span class='ocr_line' id='line_1_14' title="bbox 413 1795 676 1877; baseline 0.011 -19"><span class='ocrx_word' id='word_1_86' title='bbox 413 1795 512 1858; x_wconf 89' lang='lat' dir='ltr'><strong>bellis</strong></span> <span class='ocrx_word' id='word_1_87' title='bbox 528 1796 676 1877; x_wconf 83' lang='lat' dir='ltr'><strong>peregit.</strong></span> 
     </span>
    </p>
   </div>
   <div class='ocr_carea' id='block_1_3' title="bbox 554 1965 1238 2047">
    <p class='ocr_par' dir='ltr' id='par_1_3' title="bbox 554 1965 1238 2047">
     <span class='ocr_line' id='line_1_15' title="bbox 554 1965 1238 2047; baseline -0.007 -15"><span class='ocrx_word' id='word_1_88' title='bbox 554 1969 596 2032; x_wconf 82' lang='lat' dir='ltr'><strong>Ut</strong></span> <span class='ocrx_word' id='word_1_89' title='bbox 611 1969 786 2047; x_wconf 79' lang='lat' dir='ltr'><strong>Artlurru,</strong></span> <span class='ocrx_word' id='word_1_90' title='bbox 802 1989 896 2032; x_wconf 75' lang='lat' dir='ltr'><strong>conus</strong></span> <span class='ocrx_word' id='word_1_91' title='bbox 910 1968 1103 2045; x_wconf 72' lang='lat' dir='ltr'><strong>Britannia,</strong></span> <span class='ocrx_word' id='word_1_92' title='bbox 1118 1965 1238 2031; x_wconf 71' lang='lat' dir='ltr'><strong>obierit</strong></span> 
     </span>
    </p>
   </div>
   <div class='ocr_carea' id='block_1_4' title="bbox 411 2089 1366 3839">
    <p class='ocr_par' dir='ltr' id='par_1_4' title="bbox 411 2089 1366 3839">
     <span class='ocr_line' id='line_1_16' title="bbox 463 2089 1363 2174; baseline 0.001 -21"><span class='ocrx_word' id='word_1_93' title='bbox 463 2090 593 2173; x_wconf 89' lang='lat' dir='ltr'><strong>Elapso</strong></span> <span class='ocrx_word' id='word_1_94' title='bbox 619 2091 742 2155; x_wconf 91' lang='lat' dir='ltr'><strong>deinde</strong></span> <span class='ocrx_word' id='word_1_95' title='bbox 766 2091 883 2174; x_wconf 88' lang='lat' dir='ltr'><strong>aliquo</strong></span> <span class='ocrx_word' id='word_1_96' title='bbox 909 2100 1075 2173; x_wconf 88' lang='lat' dir='ltr'><strong>tempore,</strong></span> <span class='ocrx_word' id='word_1_97' title='bbox 1102 2110 1163 2154; x_wconf 84' lang='lat' dir='ltr'><strong>rex</strong></span> <span class='ocrx_word' id='word_1_98' title='bbox 1180 2089 1204 2154; x_wconf 82' lang='lat' dir='ltr'>J</span> <span class='ocrx_word' id='word_1_99' title='bbox 1208 2089 1363 2154; x_wconf 87' lang='lat' dir='ltr'><strong>ohannes</strong></span> 
     </span>
     <span class='ocr_line' id='line_1_17' title="bbox 412 2189 1362 2254; baseline 0 -2"><span class='ocrx_word' id='word_1_100' title='bbox 412 2190 456 2252; x_wconf 93' lang='lat' dir='ltr'><strong>ad</strong></span> <span class='ocrx_word' id='word_1_101' title='bbox 479 2197 631 2252; x_wconf 86' lang='lat' dir='ltr'><strong>castrum</strong></span> <span class='ocrx_word' id='word_1_102' title='bbox 653 2190 800 2254; x_wconf 86' lang='lat' dir='ltr'><strong>Falesiae</strong></span> <span class='ocrx_word' id='word_1_103' title='bbox 817 2190 957 2254; x_wconf 88' lang='lat' dir='ltr'><strong>veniens</strong></span> <span class='ocrx_word' id='word_1_104' title='bbox 981 2189 1063 2254; x_wconf 83' lang='lat' dir='ltr'><strong>lecit</strong></span> <span class='ocrx_word' id='word_1_105' title='bbox 1083 2190 1149 2254; x_wconf 88' lang='lat' dir='ltr'><strong>sibi</strong></span> <span class='ocrx_word' id='word_1_106' title='bbox 1171 2189 1362 2254; x_wconf 85' lang='lat' dir='ltr'><strong>Arthurum</strong></span> 
     </span>
     <span class='ocr_line' id='line_1_18' title="bbox 413 2288 1364 2371; baseline 0.002 -21"><span class='ocrx_word' id='word_1_107' title='bbox 413 2297 573 2371; x_wconf 90' lang='lat' dir='ltr'><strong>nepotem</strong></span> <span class='ocrx_word' id='word_1_108' title='bbox 589 2307 689 2352; x_wconf 91' lang='lat' dir='ltr'><strong>snum</strong></span> <span class='ocrx_word' id='word_1_109' title='bbox 711 2289 936 2371; x_wconf 81' lang='lat' dir='ltr'><strong>praesentari3</strong></span> <span class='ocrx_word' id='word_1_110' title='bbox 959 2288 1019 2371; x_wconf 93' lang='lat' dir='ltr'><strong>qui</strong></span> <span class='ocrx_word' id='word_1_111' title='bbox 1041 2308 1119 2353; x_wconf 89' lang='lat' dir='ltr'><strong>curn</strong></span> <span class='ocrx_word' id='word_1_112' title='bbox 1136 2297 1229 2353; x_wconf 90' lang='lat' dir='ltr'><strong>esset</strong></span> <span class='ocrx_word' id='word_1_113' title='bbox 1248 2308 1364 2353; x_wconf 85' lang='lat' dir='ltr'><strong>coram</strong></span> 
     </span>
     <span class='ocr_line' id='line_1_19' title="bbox 412 2386 1365 2470; baseline 0.001 -20"><span class='ocrx_word' id='word_1_114' title='bbox 412 2407 454 2450; x_wconf 93' lang='lat' dir='ltr'><strong>eo</strong></span> <span class='ocrx_word' id='word_1_115' title='bbox 469 2386 652 2465; x_wconf 88' lang='lat' dir='ltr'><strong>adductus,</strong></span> <span class='ocrx_word' id='word_1_116' title='bbox 673 2389 781 2470; x_wconf 85' lang='lat' dir='ltr'><strong>coepit</strong></span> <span class='ocrx_word' id='word_1_117' title='bbox 802 2407 881 2451; x_wconf 89' lang='lat' dir='ltr'><strong>eum</strong></span> <span class='ocrx_word' id='word_1_118' title='bbox 905 2408 965 2452; x_wconf 83' lang='lat' dir='ltr'><strong>rex</strong></span> <span class='ocrx_word' id='word_1_119' title='bbox 989 2387 1125 2452; x_wconf 89' lang='lat' dir='ltr'><strong>blandis</strong></span> <span class='ocrx_word' id='word_1_120' title='bbox 1141 2388 1272 2468; x_wconf 92' lang='lat' dir='ltr'><strong>alloqui</strong></span> <span class='ocrx_word' id='word_1_121' title='bbox 1287 2408 1365 2452; x_wconf 86' lang='lat' dir='ltr'><strong>ver-</strong></span> 
     </span>
     <span class='ocr_line' id='line_1_20' title="bbox 412 2486 1365 2570; baseline 0.002 -21"><span class='ocrx_word' id='word_1_122' title='bbox 412 2486 516 2550; x_wconf 89' lang='lat' dir='ltr'><strong>biset</strong></span> <span class='ocrx_word' id='word_1_123' title='bbox 532 2486 659 2550; x_wconf 88' lang='lat' dir='ltr'><strong>multos</strong></span> <span class='ocrx_word' id='word_1_124' title='bbox 675 2487 823 2551; x_wconf 87' lang='lat' dir='ltr'><strong>honores</strong></span> <span class='ocrx_word' id='word_1_125' title='bbox 840 2488 1052 2570; x_wconf 86' lang='lat' dir='ltr'><strong>promittere,</strong></span> <span class='ocrx_word' id='word_1_126' title='bbox 1066 2487 1269 2562; x_wconf 84' lang='lat' dir='ltr'><strong>exhortans,</strong></span> <span class='ocrx_word' id='word_1_127' title='bbox 1287 2495 1326 2551; x_wconf 93' lang='lat' dir='ltr'><strong>ut</strong></span> <span class='ocrx_word' id='word_1_128' title='bbox 1343 2507 1365 2551; x_wconf 90' lang='lat' dir='ltr'><strong>a</strong></span> 
     </span>
     <span class='ocr_line' id='line_1_21' title="bbox 413 2586 1365 2667; baseline 0.002 -18"><span class='ocrx_word' id='word_1_129' title='bbox 413 2605 494 2667; x_wconf 88' lang='lat' dir='ltr'><strong>rege</strong></span> <span class='ocrx_word' id='word_1_130' title='bbox 522 2586 734 2650; x_wconf 90' lang='lat' dir='ltr'><strong>Francorum</strong></span> <span class='ocrx_word' id='word_1_131' title='bbox 760 2587 935 2650; x_wconf 88' lang='lat' dir='ltr'><strong>recederet</strong></span> <span class='ocrx_word' id='word_1_132' title='bbox 954 2594 989 2650; x_wconf 89' lang='lat' dir='ltr'><strong>et</strong></span> <span class='ocrx_word' id='word_1_133' title='bbox 1015 2586 1081 2649; x_wconf 89' lang='lat' dir='ltr'><strong>sibi</strong></span> <span class='ocrx_word' id='word_1_134' title='bbox 1108 2593 1147 2649; x_wconf 92' lang='lat' dir='ltr'><strong>ut</strong></span> <span class='ocrx_word' id='word_1_135' title='bbox 1171 2586 1311 2650; x_wconf 92' lang='lat' dir='ltr'><strong>domino</strong></span> <span class='ocrx_word' id='word_1_136' title='bbox 1328 2595 1365 2651; x_wconf 92' lang='lat' dir='ltr'><strong>et</strong></span> 
     </span>
     <span class='ocr_line' id='line_1_22' title="bbox 411 2683 1364 2762; baseline 0.001 -14"><span class='ocrx_word' id='word_1_137' title='bbox 411 2686 584 2750; x_wconf 87' lang='lat' dir='ltr'><strong>avunculo</strong></span> <span class='ocrx_word' id='word_1_138' title='bbox 596 2685 742 2749; x_wconf 83' lang='lat' dir='ltr'><strong>fideliter</strong></span> <span class='ocrx_word' id='word_1_139' title='bbox 754 2684 956 2749; x_wconf 72' lang='lat' dir='ltr'><strong>adhaereret.</strong></span> <span class='ocrx_word' id='word_1_140' title='bbox 988 2683 1364 2762; x_wconf 85' lang='lat' dir='ltr'><strong>Arthurusvero,stul·</strong></span> 
     </span>
     <span class='ocr_line' id='line_1_23' title="bbox 411 2783 1363 2866; baseline 0 -19"><span class='ocrx_word' id='word_1_141' title='bbox 411 2792 448 2847; x_wconf 93' lang='lat' dir='ltr'><strong>to</strong></span> <span class='ocrx_word' id='word_1_142' title='bbox 465 2805 547 2848; x_wconf 86' lang='lat' dir='ltr'><strong>usus</strong></span> <span class='ocrx_word' id='word_1_143' title='bbox 564 2785 721 2862; x_wconf 88' lang='lat' dir='ltr'><strong>consilio,</strong></span> <span class='ocrx_word' id='word_1_144' title='bbox 738 2784 811 2866; x_wconf 87' lang='lat' dir='ltr'><strong>regi</strong></span> <span class='ocrx_word' id='word_1_145' title='bbox 826 2804 904 2848; x_wconf 89' lang='lat' dir='ltr'><strong>cum</strong></span> <span class='ocrx_word' id='word_1_146' title='bbox 920 2783 1158 2866; x_wconf 77' lang='lat' dir='ltr'><strong>indignatione</strong></span> <span class='ocrx_word' id='word_1_147' title='bbox 1171 2791 1207 2847; x_wconf 91' lang='lat' dir='ltr'><strong>et</strong></span> <span class='ocrx_word' id='word_1_148' title='bbox 1223 2785 1363 2847; x_wconf 90' lang='lat' dir='ltr'><strong>commi·</strong></span> 
     </span>
     <span class='ocr_line' id='line_1_24' title="bbox 411 2883 1364 2965; baseline 0.001 -20"><span class='ocrx_word' id='word_1_149' title='bbox 411 2884 551 2947; x_wconf 88' lang='lat' dir='ltr'><strong>natione</strong></span> <span class='ocrx_word' id='word_1_150' title='bbox 562 2884 773 2965; x_wconf 83' lang='lat' dir='ltr'><strong>respondens</strong></span> <span class='ocrx_word' id='word_1_151' title='bbox 786 2884 915 2965; x_wconf 82' lang='lat' dir='ltr'><strong>exegit,</strong></span> <span class='ocrx_word' id='word_1_152' title='bbox 925 2890 965 2946; x_wconf 91' lang='lat' dir='ltr'><strong>ut</strong></span> <span class='ocrx_word' id='word_1_153' title='bbox 975 2883 1132 2947; x_wconf 87' lang='lat' dir='ltr'><strong>redderet</strong></span> <span class='ocrx_word' id='word_1_154' title='bbox 1142 2883 1208 2946; x_wconf 90' lang='lat' dir='ltr'><strong>sibi</strong></span> <span class='ocrx_word' id='word_1_155' title='bbox 1220 2903 1364 2964; x_wconf 85' lang='lat' dir='ltr'><strong>regnum</strong></span> 
     </span>
     <span class='ocr_line' id='line_1_25' title="bbox 414 2980 1364 3064; baseline 0.001 -19"><span class='ocrx_word' id='word_1_156' title='bbox 414 2980 564 3062; x_wconf 80' lang='lat' dir='ltr'><strong>Anglire,</strong></span> <span class='ocrx_word' id='word_1_157' title='bbox 582 3002 660 3045; x_wconf 91' lang='lat' dir='ltr'><strong>cum</strong></span> <span class='ocrx_word' id='word_1_158' title='bbox 679 2984 779 3045; x_wconf 87' lang='lat' dir='ltr'><strong>terris</strong></span> <span class='ocrx_word' id='word_1_159' title='bbox 795 2983 965 3058; x_wconf 91' lang='lat' dir='ltr'><strong>omnibus,</strong></span> <span class='ocrx_word' id='word_1_160' title='bbox 979 3002 1067 3064; x_wconf 86' lang='lat' dir='ltr'><strong>quas</strong></span> <span class='ocrx_word' id='word_1_161' title='bbox 1085 3002 1148 3045; x_wconf 86' lang='lat' dir='ltr'><strong>rex</strong></span> <span class='ocrx_word' id='word_1_162' title='bbox 1167 2981 1364 3046; x_wconf 87' lang='lat' dir='ltr'><strong>Richardus</strong></span> 
     </span>
     <span class='ocr_line' id='line_1_26' title="bbox 413 3078 1362 3162; baseline 0.004 -21"><span class='ocrx_word' id='word_1_163' title='bbox 413 3078 533 3142; x_wconf 90' lang='lat' dir='ltr'><strong>babuit</strong></span> <span class='ocrx_word' id='word_1_164' title='bbox 554 3080 590 3141; x_wconf 93' lang='lat' dir='ltr'><strong>in</strong></span> <span class='ocrx_word' id='word_1_165' title='bbox 615 3082 833 3161; x_wconf 89' lang='lat' dir='ltr'><strong>possessione</strong></span> <span class='ocrx_word' id='word_1_166' title='bbox 855 3100 919 3144; x_wconf 89' lang='lat' dir='ltr'><strong>sua</strong></span> <span class='ocrx_word' id='word_1_167' title='bbox 939 3081 995 3145; x_wconf 89' lang='lat' dir='ltr'><strong>die</strong></span> <span class='ocrx_word' id='word_1_168' title='bbox 1018 3100 1088 3162; x_wconf 93' lang='lat' dir='ltr'><strong>quo</strong></span> <span class='ocrx_word' id='word_1_169' title='bbox 1110 3081 1282 3160; x_wconf 87' lang='lat' dir='ltr'><strong>decessit;</strong></span> <span class='ocrx_word' id='word_1_170' title='bbox 1314 3090 1362 3159; x_wconf 88' lang='lat' dir='ltr'><strong>ct,</strong></span> 
     </span>
     <span class='ocr_line' id='line_1_27' title="bbox 413 3177 1363 3262; baseline 0.005 -23"><span class='ocrx_word' id='word_1_171' title='bbox 413 3179 495 3259; x_wconf 93' lang='lat' dir='ltr'><strong>quia</strong></span> <span class='ocrx_word' id='word_1_172' title='bbox 520 3177 593 3241; x_wconf 84' lang='lat' dir='ltr'><strong>haec</strong></span> <span class='ocrx_word' id='word_1_173' title='bbox 620 3180 736 3241; x_wconf 91' lang='lat' dir='ltr'><strong>omnia</strong></span> <span class='ocrx_word' id='word_1_174' title='bbox 755 3180 820 3242; x_wconf 91' lang='lat' dir='ltr'><strong>sibi</strong></span> <span class='ocrx_word' id='word_1_175' title='bbox 838 3179 919 3262; x_wconf 89' lang='lat' dir='ltr'><strong>jure</strong></span> <span class='ocrx_word' id='word_1_176' title='bbox 945 3180 1164 3243; x_wconf 86' lang='lat' dir='ltr'><strong>haereditario</strong></span> <span class='ocrx_word' id='word_1_177' title='bbox 1190 3180 1363 3244; x_wconf 87' lang='lat' dir='ltr'><strong>debcban·</strong></span> 
     </span>
     <span class='ocr_line' id='line_1_28' title="bbox 414 3275 1363 3362; baseline 0.004 -23"><span class='ocrx_word' id='word_1_178' title='bbox 414 3283 483 3352; x_wconf 86' lang='lat' dir='ltr'><strong>tur,</strong></span> <span class='ocrx_word' id='word_1_179' title='bbox 503 3275 687 3341; x_wconf 83' lang='lat' dir='ltr'><strong>affirmauit</strong></span> <span class='ocrx_word' id='word_1_180' title='bbox 701 3298 778 3342; x_wconf 88' lang='lat' dir='ltr'><strong>curn</strong></span> <span class='ocrx_word' id='word_1_181' title='bbox 789 3279 1002 3361; x_wconf 86' lang='lat' dir='ltr'><strong>juramento,</strong></span> <span class='ocrx_word' id='word_1_182' title='bbox 1018 3278 1121 3362; x_wconf 91' lang='lat' dir='ltr'><strong>quod,</strong></span> <span class='ocrx_word' id='word_1_183' title='bbox 1137 3278 1203 3340; x_wconf 91' lang='lat' dir='ltr'><strong>nisi</strong></span> <span class='ocrx_word' id='word_1_184' title='bbox 1217 3279 1363 3343; x_wconf 84' lang='lat' dir='ltr'><strong>celerius</strong></span> 
     </span>
     <span class='ocr_line' id='line_1_29' title="bbox 414 3374 1365 3460; baseline 0.004 -23"><span class='ocrx_word' id='word_1_185' title='bbox 414 3374 478 3438; x_wconf 89' lang='lat' dir='ltr'><strong>sibi</strong></span> <span class='ocrx_word' id='word_1_186' title='bbox 496 3376 572 3458; x_wconf 91' lang='lat' dir='ltr'><strong>jam</strong></span> <span class='ocrx_word' id='word_1_187' title='bbox 599 3377 693 3440; x_wconf 88' lang='lat' dir='ltr'><strong>dicta</strong></span> <span class='ocrx_word' id='word_1_188' title='bbox 719 3379 835 3441; x_wconf 91' lang='lat' dir='ltr'><strong>omnia</strong></span> <span class='ocrx_word' id='word_1_189' title='bbox 857 3379 1065 3456; x_wconf 88' lang='lat' dir='ltr'><strong>restitueret,</strong></span> <span class='ocrx_word' id='word_1_190' title='bbox 1088 3397 1266 3460; x_wconf 89' lang='lat' dir='ltr'><strong>nunquam</strong></span> <span class='ocrx_word' id='word_1_191' title='bbox 1290 3379 1365 3441; x_wconf 91' lang='lat' dir='ltr'><strong>diu-</strong></span> 
     </span>
     <span class='ocr_line' id='line_1_30' title="bbox 415 3475 1365 3559; baseline 0.003 -21"><span class='ocrx_word' id='word_1_192' title='bbox 415 3476 490 3559; x_wconf 88' lang='lat' dir='ltr'><strong>tina</strong></span> <span class='ocrx_word' id='word_1_193' title='bbox 505 3495 589 3558; x_wconf 87' lang='lat' dir='ltr'><strong>pace</strong></span> <span class='ocrx_word' id='word_1_194' title='bbox 606 3476 788 3541; x_wconf 86' lang='lat' dir='ltr'><strong>frueretur.</strong></span> <span class='ocrx_word' id='word_1_195' title='bbox 822 3475 979 3541; x_wconf 81' lang='lat' dir='ltr'><strong>Audiens</strong></span> <span class='ocrx_word' id='word_1_196' title='bbox 999 3487 1114 3542; x_wconf 85' lang='lat' dir='ltr'><strong>autern</strong></span> <span class='ocrx_word' id='word_1_197' title='bbox 1133 3476 1208 3540; x_wconf 90' lang='lat' dir='ltr'><strong>haec</strong></span> <span class='ocrx_word' id='word_1_198' title='bbox 1222 3496 1286 3540; x_wconf 83' lang='lat' dir='ltr'><strong>rex</strong></span> <span class='ocrx_word' id='word_1_199' title='bbox 1303 3477 1325 3541; x_wconf 91' lang='lat' dir='ltr'>J</span> <span class='ocrx_word' id='word_1_200' title='bbox 1329 3499 1365 3541; x_wconf 94' lang='lat' dir='ltr'><strong>o·</strong></span> 
     </span>
     <span class='ocr_line' id='line_1_31' title="bbox 414 3575 1364 3659; baseline 0.004 -23"><span class='ocrx_word' id='word_1_201' title='bbox 414 3575 545 3639; x_wconf 86' lang='lat' dir='ltr'><strong>hannes</strong></span> <span class='ocrx_word' id='word_1_202' title='bbox 562 3577 781 3658; x_wconf 89' lang='lat' dir='ltr'><strong>perturbatus</strong></span> <span class='ocrx_word' id='word_1_203' title='bbox 799 3583 853 3639; x_wconf 92' lang='lat' dir='ltr'><strong>est</strong></span> <span class='ocrx_word' id='word_1_204' title='bbox 868 3576 981 3654; x_wconf 88' lang='lat' dir='ltr'><strong>valde,</strong></span> <span class='ocrx_word' id='word_1_205' title='bbox 997 3576 1232 3659; x_wconf 83' lang='lat' dir='ltr'><strong>praecepitque</strong></span> <span class='ocrx_word' id='word_1_206' title='bbox 1247 3576 1364 3640; x_wconf 89' lang='lat' dir='ltr'><strong>utAr·</strong></span> 
     </span>
     <span class='ocr_line' id='line_1_32' title="bbox 415 3674 1364 3757; baseline 0.002 -20"><span class='ocrx_word' id='word_1_207' title='bbox 415 3674 538 3738; x_wconf 84' lang='lat' dir='ltr'><strong>tlrnrus</strong></span> <span class='ocrx_word' id='word_1_208' title='bbox 571 3675 662 3756; x_wconf 91' lang='lat' dir='ltr'><strong>apud</strong></span> <span class='ocrx_word' id='word_1_209' title='bbox 692 3674 952 3757; x_wconf 84' lang='lat' dir='ltr'><strong>Rothomagum</strong></span> <span class='ocrx_word' id='word_1_210' title='bbox 977 3677 1171 3740; x_wconf 87' lang='lat' dir='ltr'><strong>mitteretur</strong></span> <span class='ocrx_word' id='word_1_211' title='bbox 1194 3682 1231 3738; x_wconf 91' lang='lat' dir='ltr'><strong>et</strong></span> <span class='ocrx_word' id='word_1_212' title='bbox 1257 3676 1305 3739; x_wconf 92' lang='lat' dir='ltr'><strong>ibi</strong></span> <span class='ocrx_word' id='word_1_213' title='bbox 1330 3677 1364 3739; x_wconf 91' lang='lat' dir='ltr'><strong>in</strong></span> 
     </span>
     <span class='ocr_line' id='line_1_33' title="bbox 415 3772 1366 3839; baseline 0.003 -3"><span class='ocrx_word' id='word_1_214' title='bbox 415 3792 493 3836; x_wconf 89' lang='lat' dir='ltr'><strong>arce</strong></span> <span class='ocrx_word' id='word_1_215' title='bbox 522 3793 613 3837; x_wconf 90' lang='lat' dir='ltr'><strong>nova</strong></span> <span class='ocrx_word' id='word_1_216' title='bbox 635 3781 790 3837; x_wconf 85' lang='lat' dir='ltr'><strong>retrusus</strong></span> <span class='ocrx_word' id='word_1_217' title='bbox 812 3776 877 3837; x_wconf 89' lang='lat' dir='ltr'><strong>sub</strong></span> <span class='ocrx_word' id='word_1_218' title='bbox 901 3775 1041 3839; x_wconf 91' lang='lat' dir='ltr'><strong>arctiori</strong></span> <span class='ocrx_word' id='word_1_219' title='bbox 1064 3772 1224 3837; x_wconf 88' lang='lat' dir='ltr'><strong>custodia</strong></span> <span class='ocrx_word' id='word_1_220' title='bbox 1245 3793 1366 3839; x_wconf 87' lang='lat' dir='ltr'><strong>servu·</strong></span> 
     </span>
    </p>
   </div>
   <div class='ocr_carea' id='block_1_5' title="bbox 415 3867 1368 3956">
    <p class='ocr_par' dir='ltr' id='par_1_5' title="bbox 415 3867 1368 3956">
     <span class='ocr_line' id='line_1_34' title="bbox 415 3867 1368 3956; baseline 0.005 -23"><span class='ocrx_word' id='word_1_221' title='bbox 415 3882 510 3936; x_wconf 90' lang='lat' dir='ltr'><strong>retur</strong></span> <span class='ocrx_word' id='word_1_222' title='bbox 525 3893 533 3951; x_wconf 91' lang='grc'><strong>;</strong></span> <span class='ocrx_word' id='word_1_223' title='bbox 556 3872 616 3936; x_wconf 90' lang='lat' dir='ltr'><strong>sed</strong></span> <span class='ocrx_word' id='word_1_224' title='bbox 634 3894 703 3936; x_wconf 91' lang='lat' dir='ltr'><strong>non</strong></span> <span class='ocrx_word' id='word_1_225' title='bbox 720 3873 828 3937; x_wconf 90' lang='lat' dir='ltr'><strong>multo</strong></span> <span class='ocrx_word' id='word_1_226' title='bbox 843 3884 922 3956; x_wconf 86' lang='lat' dir='ltr'><strong>post</strong></span> <span class='ocrx_word' id='word_1_227' title='bbox 939 3874 1029 3937; x_wconf 89' lang='lat' dir='ltr'><strong>idern</strong></span> <span class='ocrx_word' id='word_1_228' title='bbox 1046 3867 1233 3938; x_wconf 83' lang='lat' dir='ltr'><strong>¹Arthurus</strong></span> <span class='ocrx_word' id='word_1_229' title='bbox 1250 3874 1368 3938; x_wconf 88' lang='lat' dir='ltr'><strong>subito</strong></span> 
     </span>
    </p>
   </div>
   <div class='ocr_carea' id='block_1_6' title="bbox 415 4070 1370 4272">
    <p class='ocr_par' dir='ltr' id='par_1_6' title="bbox 415 4070 1370 4272">
     <span class='ocr_line' id='line_1_35' title="bbox 451 4070 1370 4142; baseline 0.003 -20"><span class='ocrx_word' id='word_1_230' title='bbox 451 4070 805 4142; x_wconf 80' lang='lat' dir='ltr'><strong>¹11rtbarusrubitoeuunuit.]</strong></span> <span class='ocrx_word' id='word_1_231' title='bbox 818 4075 1021 4137; x_wconf 51' lang='lat' dir='ltr'><strong>Tyr-,different</strong></span> <span class='ocrx_word' id='word_1_232' title='bbox 1049 4079 1169 4122; x_wconf 81' lang='lat' dir='ltr'><strong>accounts</strong></span> <span class='ocrx_word' id='word_1_233' title='bbox 1195 4072 1225 4119; x_wconf 83' lang='lat' dir='ltr'><strong>ol</strong></span> <span class='ocrx_word' id='word_1_234' title='bbox 1251 4073 1370 4127; x_wconf 83' lang='lat' dir='ltr'><strong>Arthur&#39;s</strong></span> 
     </span>
     <span class='ocr_line' id='line_1_36' title="bbox 415 4140 1370 4210; baseline 0.006 -20"><span class='ocrx_word' id='word_1_235' title='bbox 415 4145 460 4192; x_wconf 82' lang='lat' dir='ltr'><strong>rell</strong></span> <span class='ocrx_word' id='word_1_236' title='bbox 477 4144 522 4192; x_wconf 84' lang='lat' dir='ltr'><strong>lrae</strong></span> <span class='ocrx_word' id='word_1_237' title='bbox 540 4144 660 4192; x_wconf 84' lang='lat' dir='ltr'><strong>collected</strong></span> <span class='ocrx_word' id='word_1_238' title='bbox 677 4144 737 4192; x_wconf 87' lang='lat' dir='ltr'><strong>lrorn</strong></span> <span class='ocrx_word' id='word_1_239' title='bbox 755 4145 797 4193; x_wconf 86' lang='lat' dir='ltr'><strong>the</strong></span> <span class='ocrx_word' id='word_1_240' title='bbox 812 4146 878 4206; x_wconf 80' lang='lat' dir='ltr'><strong>Eng-</strong></span> <span class='ocrx_word' id='word_1_241' title='bbox 892 4140 990 4193; x_wconf 77' lang='lat' dir='ltr'><strong>&#39;deutlr¹</strong></span> <span class='ocrx_word' id='word_1_242' title='bbox 1026 4144 1074 4192; x_wconf 84' lang='lat' dir='ltr'><strong>See</strong></span> <span class='ocrx_word' id='word_1_243' title='bbox 1085 4143 1140 4191; x_wconf 84' lang='lat' dir='ltr'><strong>that</strong></span> <span class='ocrx_word' id='word_1_244' title='bbox 1151 4144 1184 4202; x_wconf 85' lang='lat' dir='ltr'><strong>by</strong></span> <span class='ocrx_word' id='word_1_245' title='bbox 1199 4142 1370 4210; x_wconf 77' lang='lat' dir='ltr'><strong>Coggeslrale,</strong></span> 
     </span>
     <span class='ocr_line' id='line_1_37' title="bbox 416 4212 1279 4272; baseline 0.003 -12"><span class='ocrx_word' id='word_1_246' title='bbox 416 4212 464 4260; x_wconf 88' lang='lat' dir='ltr'><strong>lislr</strong></span> <span class='ocrx_word' id='word_1_247' title='bbox 476 4214 536 4261; x_wconf 89' lang='lat' dir='ltr'><strong>-and</strong></span> <span class='ocrx_word' id='word_1_248' title='bbox 560 4214 656 4262; x_wconf 81' lang='lat' dir='ltr'><strong>French</strong></span> <span class='ocrx_word' id='word_1_249' title='bbox 678 4215 813 4263; x_wconf 77' lang='lat' dir='ltr'><strong>historiens</strong></span> <span class='ocrx_word' id='word_1_250' title='bbox 835 4216 877 4263; x_wconf 85' lang='lat' dir='ltr'><strong>the</strong></span> <span class='ocrx_word' id='word_1_251' title='bbox 905 4214 966 4263; x_wconf 77' lang='lat' dir='ltr'><strong>lloc.</strong></span> <span class='ocrx_word' id='word_1_252' title='bbox 975 4213 1021 4262; x_wconf 81' lang='lat' dir='ltr'><strong>des</strong></span> <span class='ocrx_word' id='word_1_253' title='bbox 1033 4212 1102 4262; x_wconf 83' lang='lat' dir='ltr'><strong>Hist.</strong></span> <span class='ocrx_word' id='word_1_254' title='bbox 1113 4212 1186 4261; x_wconf 85' lang='lat' dir='ltr'><strong>xviii.</strong></span> <span class='ocrx_word' id='word_1_255' title='bbox 1197 4226 1223 4272; x_wconf 86' lang='lat' dir='ltr'><strong>p.</strong></span> <span class='ocrx_word' id='word_1_256' title='bbox 1236 4216 1279 4264; x_wconf 76' lang='grc'><strong>96.</strong></span> 
     </span>
    </p>
   </div>
   <div class='ocr_carea' id='block_1_7' title="bbox 0 0 1495 5016">
    <p class='ocr_par' dir='ltr' id='par_1_7' title="bbox 0 0 1495 5016">
     <span class='ocr_line' id='line_1_38' title="bbox 0 0 1495 5016; baseline 0 0"><span class='ocrx_word' id='word_1_257' title='bbox 0 0 1495 5016; x_wconf 95' lang='lat' dir='ltr'><strong> </strong></span> 
     </span>
    </p>
   </div>
  </div>
 </body>
</html>
