2970 5016
408 444 475 511 218
667 461 803 508 socrat
826 461 874 507 nn
896 460 1104 508 wuunovnn

249 637 373 701 anmi.
410 619 552 684 idoneos
578 619 782 695 destinares,
812 619 857 681 ad
888 626 923 680 te
950 618 1091 681 minime
1117 626 1361 699 pervenerunt,

248 687 400 777 falmia
410 726 447 782 et
480 719 639 782 monachi
674 717 958 792 Cantuarienses,
993 717 1153 797 quamvis
1188 736 1253 798 pro
1282 716 1362 779 aliis

248 785 343 826 mm
411 818 562 898 negotiis
589 818 633 881 ad
657 826 753 881 tuam
780 816 1002 898 praesentiam
1034 815 1276 891 accessissent,
1298 836 1362 898 pro

411 916 621 1000 postulando
641 923 758 979 tamen
775 934 945 980 consensu
964 934 1028 978 uec
1047 915 1167 978 literas
1186 933 1251 977 nec
1270 933 1360 976 uun·

411 1017 480 1080 tios
500 1015 712 1080 direxerunt.
761 1014 863 1079 Unde
887 1013 991 1077 iidem
1016 1014 1130 1076 nuntii
1150 1032 1229 1076 cum
1252 1013 1362 1077 multa

411 1115 511 1178 nobis
537 1115 705 1177 instantia
736 1114 989 1196 supplicarunt,
1017 1121 1189 1194 quatenus
1219 1131 1263 1175 ex
1292 1132 1362 1193 quo

410 1215 510 1277 uobis
526 1213 736 1295 complacuit
750 1212 838 1276 hauc
856 1212 918 1275 tibi
937 1211 1234 1275 honorificentiam
1251 1231 1360 1274 reser-

411 1331 506 1387 vare,
528 1320 568 1375 ut
583 1311 742 1376 monachi
755 1311 1024 1374 Cautuarienses
1046 1311 1180 1389 regium
1205 1309 1360 1392 postula-

411 1420 489 1475 rent
515 1429 706 1488 assensum,
734 1411 899 1493 quoniam
930 1410 996 1472 hoc
1021 1409 1152 1472 factum
1179 1428 1248 1473 non
1273 1418 1360 1483 erat,

411 1510 612 1574 dilationem
630 1529 817 1591 congruam
844 1508 1031 1573 concedere
1052 1508 1286 1588 dignaremur,
1307 1509 1360 1570 in·

411 1608 465 1672 fra
484 1629 589 1692 quam
605 1617 722 1690 posset
742 1608 776 1671 id
797 1608 883 1684 fieri,
906 1628 948 1670 ne
966 1606 1040 1690 juri
1058 1614 1120 1670 tuo
1145 1607 1361 1687 contingeret

409 1707 582 1790 derogari.
635 1706 768 1772 Contra
791 1725 974 1791 personam
1001 1705 1101 1770 electi
1127 1704 1292 1787 quiddam
1315 1704 1359 1768 ad

410 1806 569 1871 ultimum
600 1814 844 1889 proponentes,
874 1806 967 1888 quod
997 1824 1074 1868 cum
1106 1804 1287 1868 manifeste
1314 1806 1360 1867 sit

410 1906 553 1982 factum,
578 1908 705 1970 ostium
732 1906 803 1970 oris
828 1904 988 1969 claudere
1017 1904 1238 1981 debuissent3
1270 1922 1359 1984 prae·

410 2007 529 2068 sertim
554 2024 644 2081 cum,
675 2007 706 2068 si
732 2025 850 2069 verum
879 2017 983 2078 esset,
1008 2002 1256 2085 promotionem
1283 2002 1359 2085 ejus

405 2103 480 2185 jam
513 2103 678 2186 impedire
705 2123 773 2167 nou
800 2109 928 2185 posset.
982 2101 1080 2166 Licet
1112 2109 1228 2164 autem
1256 2121 1361 2182 super

410 2201 634 2265 electionibus
662 2201 753 2282 apud
777 2202 893 2266 sedem
924 2202 1150 2283 apostolicam
1176 2200 1358 2263 celebratis

410 2319 480 2362 non
509 2302 728 2364 consueverit
759 2319 922 2364 assensus
956 2300 1121 2382 principis
1150 2301 1358 2382 exspectari,

411 2398 480 2462 duo
497 2407 613 2462 tamen
637 2399 796 2463 monachi
818 2399 957 2463 suerunt
976 2399 1172 2481 specialiter
1191 2399 1357 2481 deputati,

411 2506 451 2561 ut
477 2498 521 2561 ad
550 2505 585 2561 te
615 2518 677 2580 pro
704 2498 909 2580 requirendo
936 2516 1081 2561 assensu
1105 2498 1274 2573 venirent,
1299 2498 1359 2579 qui

411 2597 503 2678 apud
529 2597 734 2661 Ydivoriam
766 2598 906 2661 fuerunt
931 2598 1069 2672 retenti,
1098 2604 1138 2660 ut
1165 2597 1357 2679 injunctum

410 2697 477 2759 sibi
494 2696 694 2761 mandatum
708 2697 852 2778 exsequi
870 2716 937 2760 uon
954 2696 1131 2772 valerent;
1156 2703 1191 2759 et
1202 2696 1357 2778 praefatae

412 2794 521 2859 literae
538 2796 580 2858 de
598 2797 877 2878 procuratoribus
898 2795 942 2858 ad
964 2802 1119 2859 nostram
1138 2796 1358 2876 praesentiam

412 2893 623 2957 destinandis
653 2897 723 2958 tuis
756 2894 895 2958 suerunt
929 2894 1061 2958 nuntiis
1090 2894 1289 2974 assignata,
1318 2903 1357 2956 ut

411 3011 471 3055 eas
488 2993 551 3056 tibi
568 2992 715 3056 fideliter
730 3000 992 3075 praesentarent.
1040 2992 1116 3056 Nos
1132 3012 1282 3075 quoque,
1298 2996 1357 3076 qui

411 3109 516 3171 super
537 3090 678 3154 cundem
701 3093 879 3155 ecclesiam
901 3092 1186 3155 cantuariensem
1209 3092 1359 3174 plenitu-

412 3189 525 3251 dinem
546 3191 729 3270 potestatis
745 3191 923 3268 habemns,
939 3192 1072 3272 regium
1087 3210 1192 3272 super
1206 3191 1271 3255 hoc
1285 3190 1361 3272 dig-

412 3288 485 3350 nati
503 3307 621 3351 sumus
638 3289 823 3372 implorare
840 3291 1005 3354 favorem.
1029 3289 1076 3353 Et
1092 3308 1213 3355 cursor
1229 3297 1360 3366 noster,

411 3387 471 3468 qui
499 3389 709 3470 apostolicas
736 3391 798 3452 tibi
829 3390 949 3453 literas
977 3389 1215 3471 praesentavit,
1240 3388 1360 3454 literas

411 3505 550 3568 quoque
566 3488 689 3569 prioris
706 3508 747 3552 ac
767 3488 1025 3565 monachorum,
1046 3488 1107 3570 qui
1127 3507 1173 3550 ex
1196 3488 1360 3552 mandato

411 3586 517 3648 totius
540 3587 684 3668 capituli
711 3587 910 3652 Cantuariae
937 3588 1196 3652 celebraverant
1221 3588 1360 3651 electio-

411 3703 488 3747 nem
516 3694 751 3763 memoratam,
778 3707 883 3769 super
907 3706 1051 3751 assensu
1079 3685 1227 3768 petendo
1254 3688 1360 3767 regiae

410 3783 615 3848 sublimitati
629 3786 793 3866 porrexit.
847 3785 1000 3868 Ideoque
1015 3805 1084 3849 nou
1098 3784 1245 3849 vidimus
1262 3805 1361 3867 opor

410 3888 483 3945 tere
510 3883 635 3959 denuo,
662 3884 840 3966 posthaec
865 3886 991 3961 omnia,
1022 3885 1153 3966 regium
1183 3885 1360 3966 postulare

410 3999 614 4046 consensum
628 4003 637 4060 3
661 3984 720 4046 sed
739 3983 822 4047 illud
838 4003 941 4066 egere
958 3985 1203 4066 disposuimuS,
1218 4003 1286 4048 nou
1301 3984 1360 4047 de-

409 4079 577 4145 clinantes
590 4080 633 4144 ad
651 4082 808 4146 dextram
820 4083 875 4146 vel
891 4084 933 4147 ad
951 4084 1139 4158 sinistram,
1154 4083 1246 4165 quod
1262 4102 1358 4146 sanc-

410 4184 523 4244 torum
539 4187 676 4262 patrum
694 4183 869 4247 canonicae
884 4184 1262 4247 sanctionesstatunut
1278 4182 1361 4246 faci-
