2970 5016
445 487 585 535 anonas
608 486 880 535 nrsronrnnun.
1081 475 1145 539 221

190 643 281 706 sicut
294 642 462 707 haetenus
472 645 620 721 exstitit,
630 643 825 708 invenirent
837 650 873 707 ct
883 644 1055 723 rebellem,
1067 667 1144 728 reg·
1159 667 1214 707 nn.
1226 667 1281 706 uos

194 761 275 805 num
293 741 434 823 Angliae
462 749 573 807 totum
595 745 660 807 sab
683 743 867 807 interdicto
890 744 1146 825 concluderent,

193 843 401 905 auctoritate
429 842 462 905 ei
487 842 680 924 apostoliea
705 842 960 919 denuntiantes,
986 845 1088 926 quod,
1115 847 1146 910 si

192 958 254 1022 per
269 940 335 1003 hoc
351 941 576 1022 pertinaciam
599 960 696 1004 suam
722 960 790 1003 non
813 940 954 1004 duceret
973 945 1147 1026 corrigen-

193 1037 285 1116 dam,
311 1039 386 1121 ipse
412 1058 552 1103 manum
578 1039 740 1103 adhibere
769 1048 905 1103 curaret
927 1042 1143 1121 graviorem

193 1157 272 1201 curn
295 1157 436 1202 necesse
457 1139 505 1201 sit
527 1157 604 1202 eum
620 1139 769 1214 vincere,
788 1138 847 1219 qui
867 1158 931 1220 pro
953 1140 1067 1204 saluto
1089 1161 1145 1206 ec·

194 1236 308 1300 clasiae
324 1244 456 1301 sanctae
473 1237 647 1300 diabolum
663 1243 699 1300 et
712 1236 857 1316 angelos
876 1237 952 1319 ejus
971 1239 1145 1304 debellans

193 1334 347 1400 claustra
363 1343 517 1399 tartarea
533 1335 707 1416 spoliavit.
759 1333 996 1416 suffraganeis
1009 1357 1146 1420 quoque

194 1431 457 1498 Cantuariensis
482 1434 636 1498 ecclesiae
665 1433 849 1515 episcopis,
874 1433 1020 1516 aliisque
1052 1437 1145 1501 illius

193 1531 340 1597 diocesis
370 1532 537 1615 praelatis,
566 1533 601 1595 in
625 1533 753 1596 virtute
781 1531 984 1596 obedientiae
1007 1553 1070 1615 per
1090 1555 1145 1599 se·

193 1630 247 1693 dis
270 1631 472 1714 apostolicae
497 1631 617 1695 literas
643 1630 828 1712 expressit,
854 1637 894 1694 ut
915 1631 1144 1715 archiepisco·

194 1748 275 1811 pum
291 1729 473 1812 praefatum
490 1730 526 1792 in
540 1737 672 1812 patrem
689 1729 902 1810 susciperent
913 1737 949 1794 et
959 1738 1145 1812 pastorem,

194 1828 295 1910 eique
310 1830 454 1893 caritate
471 1828 589 1892 debita
606 1827 743 1892 obedire
759 1835 932 1892 curarent.

272 2001 314 2066 Ut
328 2001 449 2087 Aaplie
466 2000 520 2066 rud
531 2001 672 2087 poterell
686 2002 851 2067 interdicto
866 2003 909 2067 sit
922 2002 1007 2067 eoncl
1065 2049 1073 2068 .

264 2124 525 2203 londoniensis,
560 2125 709 2189 Eliensis
750 2132 856 2209 atque
892 2126 1146 2207 Wigornieusis
1159 2150 1257 2200 angam

194 2224 360 2306 episcopi,
394 2244 438 2287 ex
472 2225 628 2308 injuncto
666 2225 732 2288 sibi
770 2224 997 2305 delegationis
1034 2224 1145 2290 officio
1158 2201 1301 2290 ffll'dfflr'e.

196 2341 312 2403 regem
341 2322 537 2386 Johannem
567 2323 745 2400 adeuntes,
777 2324 1047 2405 mandatumque
1080 2325 1146 2387 sibi

198 2421 426 2503 apostolicum
452 2441 514 2504 per
542 2422 696 2485 ordinem
724 2428 950 2504 exponentes,
972 2422 1147 2487 humiliter

197 2519 451 2603 lachrymisque
482 2519 632 2603 profusis
669 2520 924 2603 supplicabant,
963 2529 1146 2602 qnatenus,

198 2619 311 2682 Deum
334 2619 465 2682 habens
493 2638 565 2701 prae
595 2620 715 2695 oculis,
738 2619 1034 2700 arehiepiscopum
1057 2617 1146 2681 Can·

197 2717 406 2780 tuariensem
429 2724 465 2782 et
486 2718 673 2781 monachos
696 2717 739 2781 ad
764 2716 944 2781 ecclesiam
967 2736 1066 2780 suam
1092 2736 1146 2780 re·

197 2825 349 2893 vocaret,
369 2815 555 2881 honoraret
577 2823 612 2880 et
634 2836 694 2880 eos
714 2815 861 2880 caritate
892 2815 1045 2897 perfecta
1069 2814 1148 2878 dili·

197 2923 306 2995 geret,
332 2915 533 2979 scandalum
560 2914 735 2978 interdicti
766 2915 898 2978 evitare
928 2921 1078 2991 curaret,
1108 2922 1146 2979 ut

196 3033 258 3096 per
281 3013 345 3078 hoc
371 3015 559 3078 retributor
584 3015 784 3078 meritorum
811 3024 846 3077 et
866 3014 1056 3095 potentiam
1081 3013 1147 3076 sibi

197 3112 426 3195 multiplicare
451 3112 653 3193 dignaretur
681 3112 917 3195 temporalem,
943 3119 979 3176 et
1002 3111 1147 3194 gloriam

197 3220 432 3295 postmortem
447 3211 634 3292 largiretur
651 3211 802 3275 sinefine
813 3230 1023 3276 mansuram.
1045 3211 1147 3275 Cum-

197 3330 265 3391 que
279 3310 382 3373 iidem
397 3311 550 3392 episcopi
564 3330 627 3392 pro
642 3311 717 3393 ejus
734 3311 847 3374 salute
864 3310 991 3374 vellent
1011 3320 1146 3392 protra-

196 3408 278 3473 here
305 3428 509 3485 sermonem,
532 3428 595 3471 rex
617 3410 718 3491 quasi
739 3409 914 3472 iniuriam
929 3427 1051 3472 versus
1066 3428 1148 3471 con-

197 3515 253 3570 tra
271 3507 445 3570 dominum
470 3527 596 3590 papam
616 3516 651 3571 et
669 3508 744 3591 ejus
764 3507 957 3571 cardinales
981 3505 1018 3567 in
1042 3507 1148 3570 verba

197 3605 421 3688 blasphemiae
436 3606 606 3688 prorupit,
613 3607 737 3689 jurans
748 3626 809 3688 per
819 3605 940 3668 dentes
952 3603 1032 3680 Dei,
1041 3604 1147 3687 quod,

197 3706 226 3769 si
247 3704 315 3786 ipsi
338 3704 393 3769 vel
416 3704 476 3767 alii
497 3705 695 3787 quicunque
716 3723 803 3767 ausu
829 3704 1012 3767 temerario
1037 3710 1147 3765 terras

196 3821 279 3867 suas
290 3809 524 3885 supponerent
537 3802 732 3879 interdicto,
742 3803 816 3885 ipse
829 3801 1055 3866 incontinenti
1070 3801 1147 3863 uni-

197 3921 316 3966 versos
333 3900 472 3983 Angliae
490 3900 666 3983 praelatoS,
688 3901 831 3965 clericos
853 3900 983 3983 pariter
1005 3906 1040 3962 et
1056 3898 1147 3964 ordi-

196 4007 310 4082 natos,
330 4000 374 4064 ad
396 4019 523 4083 papam
550 4000 702 4063 mitteret
724 4007 759 4062 et
780 4000 871 4062 laona
893 4018 1010 4062 eorum
1032 3998 1149 4061 omnia

197 4099 424 4179 confiscaret;
452 4098 548 4162 addit
569 4098 687 4175 etiam,
711 4090 818 4179 ¹quod
846 4097 1024 4161 Romanos
1044 4114 1150 4179 qnos-

481 4247 489 4280 ¹
500 4249 592 4312 Quod]
609 4242 769 4300 ‘Quoniam‘
781 4248 806 4295 in
818 4247 875 4297 MS.
