2970 5016
368 447 508 495 anonas
532 447 803 495 rrrsroaranuu.
1012 431 1056 494 79

105 601 237 684 Anglia
252 621 315 682 pro
333 600 440 664 fratre
455 600 628 682 disposuit
649 603 821 677 coronari,
844 600 905 664 sed
924 600 1057 682 Anglo-

105 720 181 764 rum
198 699 328 764 virtute
343 697 509 762 laudabili
524 698 591 762 fuit
608 698 806 779 impeditus.

121 868 164 931 Ut
178 889 232 932 rao
245 868 444 932 Francorum
456 868 691 932 Numeriam
706 888 854 954 compara
869 869 1042 934 tentaverit.

158 982 253 1053 Rox¹
271 989 483 1053 Francorum
506 987 699 1070 Philippus,
721 989 757 1052 in
780 987 849 1053 illis
867 988 988 1052 diebus
1003 989 1056 1050 in·

109 1086 270 1151 imicitias
297 1087 423 1169 ubique
446 1092 569 1150 contra
600 1106 715 1167 regem
740 1085 934 1169 Anglorum
957 1105 1057 1151 exer·

110 1203 203 1259 cons,
221 1183 472 1248 Normanuiam
495 1185 647 1247 maximo
669 1185 826 1248 exercitu
844 1184 1057 1265 aggreditur,

111 1300 179 1344 non
200 1281 323 1356 ordini,
339 1301 408 1344 non
430 1279 543 1355 sexui,
560 1301 629 1344 non
646 1283 743 1344 aetati
761 1301 917 1362 parcens.
961 1280 1058 1343 Gilo-

110 1379 228 1441 bertus
242 1378 285 1441 de
299 1378 468 1455 Wascuil,
486 1379 653 1441 accersito
670 1377 713 1440 ad
732 1397 769 1441 ae
784 1398 864 1458 roge
881 1377 1057 1460 praedicto,

111 1474 301 1539 Gisortinm
329 1475 361 1538 ei
384 1496 447 1557 per
468 1474 688 1539 traditionem
711 1474 829 1550 tradit,
851 1476 943 1538 sicut
963 1474 1060 1556 prius

112 1580 322 1640 convenerat
348 1573 530 1637 intereos.
583 1571 718 1637 Deinde
745 1571 836 1635 idem
863 1591 926 1635 rex
949 1578 1058 1635 totum

116 1669 326 1752 Vegesinum
355 1669 391 1734 N
393 1670 629 1735 ormannicum
654 1679 689 1734 ot
718 1670 920 1734 comitatum
953 1667 1060 1733 Albe-

114 1769 222 1832 marle
246 1787 355 1851 usque
380 1767 425 1833 ad
452 1768 564 1851 Diope
589 1773 625 1832 et
643 1767 780 1833 Vallem
806 1767 849 1831 do
873 1766 958 1831 Ruil
982 1785 1060 1830 cum

112 1866 264 1931 castellis
279 1866 474 1948 praecipuis,
499 1866 625 1947 partim
641 1865 846 1947 proditione,
859 1865 986 1946 partim
1001 1883 1060 1927 ex·

112 1965 340 2045 pugnatione,
356 1964 423 2028 sibi
437 1964 594 2045 subegit3
625 1970 752 2026 terram
774 1964 879 2027 etiam
897 1960 1060 2042 Hugonis

113 2060 156 2125 de
170 2060 317 2139 Gurnai,
330 2060 392 2144 qui
403 2080 534 2124 secum
550 2061 755 2144 quibusdam
768 2061 846 2125 aliis
862 2060 936 2141 rogi
952 2059 1062 2122 Fran.

113 2178 231 2224 corum
247 2158 460 2236 subdiderat,
480 2159 692 2241 subjugavit.
739 2157 996 2238 Rothomagum
1013 2157 1061 2219 in·

113 2276 217 2339 super
239 2256 417 2320 obsidione
439 2255 596 2332 vallavit,
618 2255 678 2319 sed
706 2255 841 2319 comitis
865 2254 1061 2319 Leicestriee

114 2353 298 2435 magnifica
324 2354 452 2418 virtute
472 2372 513 2417 ac
535 2354 663 2416 civium
684 2352 856 2433 probitate
882 2371 959 2416 cum
981 2371 1062 2415 suo·

114 2471 189 2515 rum
220 2451 404 2515 amissione
433 2458 468 2515 ot
497 2450 697 2514 contusione
722 2452 765 2514 ab
794 2451 878 2512 urbe
909 2450 1062 2513 recessit.

115 2548 302 2612 Civitatem
329 2548 572 2612 Ebroicensom
596 2548 685 2612 idem
713 2567 776 2611 rex
798 2547 902 2628 cepit,
925 2555 961 2610 et
985 2565 1062 2609 eam

112 2647 217 2711 otiam
232 2645 351 2710 comiti
364 2647 408 2710 ad
425 2646 687 2711 custodiendum
704 2645 886 2709 commisit.

180 2831 222 2897 Ut
236 2851 291 2899 rae
305 2831 503 2896 Francorum
516 2851 648 2896 sororem
662 2829 742 2913 rara
754 2827 865 2893 Dario
878 2825 1002 2892 dosora

325 2949 449 2993 weram
463 2937 491 2993 at
506 2929 612 2993 rtatim
624 2925 847 3011 repudiaverit.

166 3042 252 3115 Per²
269 3049 358 3117 idem
375 3056 510 3132 tempus
530 3069 593 3114 rex
612 3048 824 3111 Francorum
838 3063 991 3110 sororem
1007 3063 1061 3109 re·

115 3150 171 3229 gis
193 3148 326 3225 Daciae,
345 3147 591 3228 Ingelburgam
617 3147 766 3220 nomine,
790 3143 941 3228 puellam
961 3143 1061 3207 mira·

115 3245 176 3311 bili
196 3244 319 3311 decore
338 3245 532 3327 praeditam,
556 3245 691 3326 accepit
710 3243 746 3306 in
768 3261 933 3319 uxorem3
957 3260 1061 3322 quam

115 3349 195 3425 post
210 3342 352 3425 nuptias
375 3342 561 3425 repudians
577 3342 667 3407 iutor
679 3340 958 3405 sanctimoniales
969 3338 1062 3420 apud

116 3440 335 3505 Suessionem
351 3440 548 3517 collocavit,
564 3440 749 3520 Dacosque
764 3457 895 3513 omnes,
911 3434 1063 3517 quicum

115 3538 177 3603 illa
194 3544 372 3613 venerant,
389 3539 578 3620 repatriare
601 3538 774 3620 pracepit.
827 3535 956 3599 Eodem
971 3550 1063 3596 anno

115 3629 314 3701 Hubertus³
331 3635 492 3713 Walteri,
516 3635 783 3700 saresberiensis
808 3634 1002 3715 episcopus,
1025 3629 1062 3693 in

113 3734 411 3818 archiepiscopum
430 3733 716 3799 cantuariensem
738 3732 868 3796 electus
898 3728 1064 3793 canonice

152 3951 227 4005 ¹Rex
244 3954 394 4005 Francorum
416 3953 580 4017 Philippum]
640 3948 708 4000 'Per
725 3949 788 3999 idem
807 3947 932 4011 emm]
955 3946 1068 4008 cogges-

116 4023 246 4075 Vorbrtim
267 4023 331 4075 from
348 4023 517 4086 Coggesbalc,
532 4022 581 4072 ool.
606 4021 674 4079 hala,
684 4019 732 4067 col.
744 4023 810 4077 8⁸⁶3
827 4017 928 4076 Dicoto,
938 4016 986 4065 col.
998 4019 1056 4064 orl.

1069 617 1126 659 Μ).
1136 618 1193 657 119³.

1070 1000 1094 1039 ot
1101 998 1170 1048 Philip
1179 998 1201 1037 ln

1070 1048 1200 1096 sommry.

1076 3065 1180 3113 lterum

1074 3115 1116 3155 rud
1128 3115 1213 3153 dvorsa

1074 3165 1098 3205 ot
1109 3164 1185 3213 Pblllp.

114 4095 174 4143 ⁸⁸⁵.
641 4086 787 4134 ³liutbertus
808 4085 923 4135 Wolteri.
944 4085 956 4147 ]
982 4084 1068 4133 Hora·
1189 4136 1192 4140 ,

608 4156 667 4218 den,
678 4170 704 4216 p.
712 4157 770 4203 7³1.
