2970 5016
341 449 407 515 252
597 465 732 513 nonum
757 464 804 510 on
827 463 1037 512 wnnoovnn

181 642 304 682 nomn.
343 625 387 688 ab
409 622 604 687 bominibus
626 622 869 686 ecclesiasticis
892 630 1019 704 praeter
1035 618 1132 701 regui
1151 619 1296 683 consue·

343 722 496 786 tudinem
520 729 555 786 et
577 722 731 786 ecclesiae
754 722 960 785 libertatem.
1013 720 1051 782 Si
1077 738 1161 784 vero
1191 737 1296 799 super

342 821 476 885 damnis
510 821 565 887 vel
595 821 733 896 ablatis,
766 829 827 885 aut
857 839 976 885 eorum
1011 819 1208 900 quantitate
1237 816 1295 880 vel

343 921 584 995 aestimatione,
603 920 750 1002 quaestio
768 918 871 983 suerit
886 918 929 981 de
948 918 1042 983 facto
1062 918 1216 993 suborta,
1233 935 1297 998 per

342 1017 497 1100 legatum
526 1019 583 1083 vel
615 1018 811 1100 delegatum
848 1018 978 1082 domini
1011 1035 1112 1099 papae
1146 1014 1295 1097 receptis

343 1118 604 1198 probationibus
626 1116 853 1195 terminetur3
888 1125 936 1195 et,
962 1117 1016 1179 his
1042 1116 1202 1179 omnibns
1231 1115 1296 1177 rite

342 1218 505 1299 peractis,
532 1217 747 1280 relaxabitur
778 1216 951 1279 sententia
983 1213 1169 1278 interdicti.
1228 1213 1295 1277 Su·

343 1334 406 1397 per
430 1317 565 1380 caeteris
590 1321 705 1379 autem
734 1315 896 1397 capitulis
919 1315 948 1377 si
974 1333 1053 1396 qnae
1077 1313 1206 1377 fuerint
1230 1312 1294 1374 du-

343 1414 530 1478 bitationes
564 1415 729 1490 subortae,
768 1415 811 1478 de
848 1414 973 1496 quibus
1011 1413 1135 1477 merito
1171 1412 1296 1477 debeat

344 1513 507 1590 dubitari,
528 1514 593 1577 nisi
615 1532 677 1596 per
698 1513 853 1595 legatum
871 1512 927 1576 vel
946 1512 1144 1593 delegatum
1165 1512 1295 1575 domini

343 1631 444 1693 papae
477 1613 519 1676 de
550 1613 700 1694 partium
726 1611 856 1675 fuerint
876 1612 1057 1676 voluntate
1085 1611 1222 1691 sopitae,
1250 1610 1293 1674 ad

343 1711 454 1793 ipsius
481 1709 675 1775 referantur
702 1711 894 1787 arbitrium,
926 1718 965 1774 ut
991 1709 1187 1793 superbis,
1217 1729 1295 1792 quae

344 1809 418 1891 ipse
435 1809 637 1887 decreverit,
648 1810 886 1874 observentur.
933 1809 1040 1874 Teste
1055 1809 1187 1891 meipso
1203 1809 1294 1891 apud

345 1908 521 1974 Doveram
553 1908 685 1973 decimo
712 1910 815 1973 tertio
847 1908 903 1972 die
935 1908 1036 1987 Maii,
1067 1928 1161 1973 anno
1198 1909 1294 1991 regni

345 2008 455 2072 nostri
472 2008 606 2072 decimo
624 2007 772 2090 quarto?
871 2034 876 2045 ·

364 2178 515 2258 Quomodo
528 2200 582 2243 ree
596 2179 770 2265 Anplorom
784 2179 941 2244 Iohannes
955 2200 1097 2243 oorottom
1111 2189 1140 2244 et
1155 2201 1281 2265 raparum

412 2277 564 2362 Amne·
551 2299 586 2342 m
600 2299 711 2344 omnus
726 2279 901 2344 Inonemtii
908 2300 1004 2363 pope
1019 2280 1232 2365 raptaverit.

183 2415 335 2506 {promte-un·
398 2400 531 2478 Rebus,
546 2401 618 2464 ut
602 2403 678 2483 Jam
695 2400 824 2464 dictum
842 2410 908 2480 est,
924 2402 1109 2485 expeditis,
1127 2423 1297 2469 convene·

185 2516 334 2606 'Minue
347 2506 429 2563 runt
454 2499 579 2563 iterum
602 2519 663 2563 rex
685 2499 880 2583 Anglorum
905 2501 940 2566 et
961 2501 1190 2585 Pandulpbus
1218 2522 1296 2567 cum

183 2565 253 2616 ”⁰⁹⁰⁸
347 2599 547 2681 proceribus
575 2600 673 2681 regni
698 2600 790 2682 apud
822 2601 962 2664 domum
990 2601 1136 2665 militum
1160 2602 1297 2684 Templi

342 2697 449 2783 juxta
472 2699 647 2763 Doveram
669 2699 801 2765 decimo
828 2701 951 2781 quinto
978 2700 1033 2764 die
1056 2701 1155 2773 Maii,
1184 2702 1219 2763 in
1243 2702 1296 2765 vi

345 2798 431 2880 gilia
461 2798 593 2861 scilicet
621 2797 857 2876 Ascensionis,
891 2800 949 2862 ubi
978 2800 1068 2863 idom
1095 2820 1167 2878 rex,
1193 2800 1298 2883 juxta

347 2896 439 2978 qnod
464 2896 587 2959 Romae
612 2896 726 2962 fuerat
747 2899 1005 2974 sententiatum,
1029 2900 1219 2980 resignavit
1241 2919 1299 2962 co·

347 3013 467 3058 ronam
490 3014 588 3058 suam
612 3014 688 3058 oum
711 2997 829 3079 regnis
844 2997 981 3079 Angliae
1004 3006 1039 3061 et
1061 2997 1240 3062 Hiberniae
1262 2999 1297 3060 in

347 3112 470 3157 manus
500 3093 627 3156 domini
657 3114 770 3178 papae,
801 3096 900 3179 cujus
926 3105 1009 3161 tunc
1035 3097 1129 3160 vices
1154 3098 1297 3178 gerebat

349 3191 575 3273 Pandulpbus
600 3203 817 3259 memoratus.
872 3196 983 3260 Facta
1004 3203 1120 3259 autem
1143 3197 1299 3278 resigna·

349 3291 455 3369 tione,
483 3291 577 3355 dedit
608 3311 708 3375 papae
738 3302 774 3358 et
798 3294 874 3378 ejus
906 3296 1163 3360 successoribus
1192 3314 1300 3378 regna

349 3391 528 3474 praedicta,
557 3410 636 3472 quae
666 3401 702 3457 et
733 3393 854 3457 charta
892 3395 1087 3476 subscripta
1119 3395 1300 3459 confirma·

349 3491 423 3569 vit;
450 3484 477 3525 ¹‘
489 3489 512 3554 J
516 3490 681 3567 ohannes,
700 3493 767 3556 Dei
789 3493 904 3574 gratia
922 3513 984 3557 rex
1005 3493 1157 3574 Angliae,
1179 3503 1215 3558 et
1232 3514 1298 3557 cae-

350 3598 436 3666 tera,
458 3590 615 3654 omuibus
634 3588 764 3654 Christi
788 3591 946 3656 fidelibus
966 3592 1057 3655 hanc
1073 3593 1230 3656 chartam
1250 3594 1301 3656 in·

350 3690 532 3770 spectnris‚
547 3690 695 3752 salutem
715 3691 750 3752 in
771 3690 933 3756 Domino.
981 3691 1211 3756 Universitati
1226 3712 1301 3757 ves·

351 3798 415 3851 troe
449 3807 511 3869 por
544 3788 634 3852 hanc
665 3788 820 3853 chartam
846 3790 961 3872 sigillo
991 3799 1110 3855 nostro
1134 3794 1301 3855 munitam

353 3887 511 3949 volumus
527 3907 603 3950 esse
621 3895 752 3965 notum,
769 3888 861 3970 quod
879 3909 957 3952 cum
974 3890 1088 3954 Deum
1103 3899 1138 3953 et
1157 3899 1300 3955 matrem

352 3994 505 4049 nostram
521 3986 699 4050 ecclesiam
715 3995 871 4051 sanctam
896 3988 1136 4052 offenderimus
1159 3991 1194 4052 in
1213 3992 1300 4054 mul·

354 4226 358 4235 Ι
385 4150 546 4271 ’.Ιὶιὶιιῗηιιιε.]
564 4157 687 4218 Compare
704 4158 746 4207 tbe
763 4175 827 4220 copy
839 4158 900 4207 from
918 4158 960 4207 the
978 4160 1077 4210 Cotton.
1091 4159 1148 4210 MS.
1161 4161 1185 4209 io
1200 4161 1301 4224 Rymor,

353 4240 369 4272 ι.
381 4240 407 4285 p.
471 4259 476 4273 .
