<?xml version="1.0" encoding="UTF-8"?>
<!DOCTYPE html PUBLIC "-//W3C//DTD XHTML 1.0 Transitional//EN"
    "http://www.w3.org/TR/xhtml1/DTD/xhtml1-transitional.dtd">
<html xmlns="http://www.w3.org/1999/xhtml" xml:lang="en" lang="en">
 <head>
  <title>
</title>
<meta http-equiv="Content-Type" content="text/html;charset=utf-8" />
  <meta name='ocr-system' content='tesseract 3.04.00' />
  <meta name='ocr-capabilities' content='ocr_page ocr_carea ocr_par ocr_line ocrx_word'/>
</head>
<body>
  <div class='ocr_page' id='page_1' title='image "./rogeridewendove08rogegoog_0027.png"; bbox 0 0 2970 5016; ppageno 0'>
   <div class='ocr_carea' id='block_1_1' title="bbox 397 449 1085 521">
    <p class='ocr_par' dir='ltr' id='par_1_1' title="bbox 397 449 1085 521">
     <span class='ocr_line' id='line_1_1' title="bbox 397 449 1085 521; baseline -0.007 -8"><span class='ocrx_word' id='word_1_1' title='bbox 397 449 441 513; x_wconf 84' lang='lat'><strong>18</strong></span> <span class='ocrx_word' id='word_1_2' title='bbox 655 463 789 521; x_wconf 79' lang='lat' dir='ltr'><strong>noennr</strong></span> <span class='ocrx_word' id='word_1_3' title='bbox 813 463 860 510; x_wconf 87' lang='lat' dir='ltr'><strong>nn</strong></span> <span class='ocrx_word' id='word_1_4' title='bbox 878 458 1085 511; x_wconf 77' lang='lat' dir='ltr'><strong>wnunovnu</strong></span> 
     </span>
    </p>
   </div>
   <div class='ocr_carea' id='block_1_2' title="bbox 235 616 1361 1199">
    <p class='ocr_par' dir='ltr' id='par_1_2' title="bbox 235 616 1361 1199">
     <span class='ocr_line' id='line_1_2' title="bbox 235 616 1349 701; baseline -0.005 -19"><span class='ocrx_word' id='word_1_5' title='bbox 235 640 290 682; x_wconf 69' lang='lat' dir='ltr'><strong>an.</strong></span> <span class='ocrx_word' id='word_1_6' title='bbox 302 638 358 680; x_wconf 77' lang='lat' dir='ltr'><strong>usu</strong></span> <span class='ocrx_word' id='word_1_7' title='bbox 398 620 490 685; x_wconf 90' lang='lat' dir='ltr'><strong>modi</strong></span> <span class='ocrx_word' id='word_1_8' title='bbox 507 621 728 701; x_wconf 81' lang='lat' dir='ltr'><strong>impetravit3</strong></span> <span class='ocrx_word' id='word_1_9' title='bbox 750 618 931 682; x_wconf 88' lang='lat' dir='ltr'><strong>‘Clemens</strong></span> <span class='ocrx_word' id='word_1_10' title='bbox 947 616 1142 699; x_wconf 63' lang='lat' dir='ltr'><strong>episcopua</strong></span> <span class='ocrx_word' id='word_1_11' title='bbox 1157 621 1192 677; x_wconf 92' lang='lat' dir='ltr'><strong>et</strong></span> <span class='ocrx_word' id='word_1_12' title='bbox 1209 621 1349 678; x_wconf 81' lang='lat' dir='ltr'><strong>caetera.</strong></span> 
     </span>
     <span class='ocr_line' id='line_1_3' title="bbox 397 713 1349 785; baseline -0.011 0"><span class='ocrx_word' id='word_1_13' title='bbox 397 721 511 785; x_wconf 81' lang='lat' dir='ltr'><strong>Juxta</strong></span> <span class='ocrx_word' id='word_1_14' title='bbox 528 718 797 783; x_wconf 82' lang='lat' dir='ltr'>commendabile</span> <span class='ocrx_word' id='word_1_15' title='bbox 812 717 1018 781; x_wconf 87' lang='lat' dir='ltr'><strong>desiderium</strong></span> <span class='ocrx_word' id='word_1_16' title='bbox 1035 713 1204 779; x_wconf 83' lang='lat' dir='ltr'><strong>carissimi</strong></span> <span class='ocrx_word' id='word_1_17' title='bbox 1221 713 1258 777; x_wconf 93' lang='lat' dir='ltr'><strong>in</strong></span> <span class='ocrx_word' id='word_1_18' title='bbox 1275 713 1349 776; x_wconf 89' lang='lat' dir='ltr'><strong>Do·</strong></span> 
     </span>
     <span class='ocr_line' id='line_1_4' title="bbox 398 813 1348 895; baseline -0.009 -11"><span class='ocrx_word' id='word_1_19' title='bbox 398 821 491 884; x_wconf 91' lang='lat' dir='ltr'><strong>mino</strong></span> <span class='ocrx_word' id='word_1_20' title='bbox 507 820 569 883; x_wconf 85' lang='lat' dir='ltr'><strong>lilii</strong></span> <span class='ocrx_word' id='word_1_21' title='bbox 585 818 694 882; x_wconf 84' lang='lat' dir='ltr'><strong>nostri</strong></span> <span class='ocrx_word' id='word_1_22' title='bbox 714 815 893 892; x_wconf 86' lang='lat' dir='ltr'><strong>Richardi,</strong></span> <span class='ocrx_word' id='word_1_23' title='bbox 912 814 1058 880; x_wconf 87' lang='lat' dir='ltr'><strong>illustris</strong></span> <span class='ocrx_word' id='word_1_24' title='bbox 1076 813 1270 895; x_wconf 81' lang='lat' dir='ltr'><strong>Anglorum</strong></span> <span class='ocrx_word' id='word_1_25' title='bbox 1293 833 1348 876; x_wconf 91' lang='lat' dir='ltr'><strong>re-</strong></span> 
     </span>
     <span class='ocr_line' id='line_1_5' title="bbox 398 910 1361 1005; baseline -0.008 -22"><span class='ocrx_word' id='word_1_26' title='bbox 398 920 464 1001; x_wconf 82' lang='lat' dir='ltr'><strong>gis,</strong></span> <span class='ocrx_word' id='word_1_27' title='bbox 491 917 701 983; x_wconf 82' lang='lat' dir='ltr'><strong>fraternitati</strong></span> <span class='ocrx_word' id='word_1_28' title='bbox 722 926 793 980; x_wconf 86' lang='lat' dir='ltr'><strong>tuae</strong></span> <span class='ocrx_word' id='word_1_29' title='bbox 817 910 1018 997; x_wconf 80' lang='lat' dir='ltr'><strong>¹legationis</strong></span> <span class='ocrx_word' id='word_1_30' title='bbox 1040 912 1189 977; x_wconf 87' lang='lat' dir='ltr'><strong>officinm</strong></span> <span class='ocrx_word' id='word_1_31' title='bbox 1212 915 1250 975; x_wconf 94' lang='lat' dir='ltr'><strong>in</strong></span> <span class='ocrx_word' id='word_1_32' title='bbox 1272 920 1361 1005; x_wconf 82' lang='lat' dir='ltr'><strong>tota¹</strong></span> 
     </span>
     <span class='ocr_line' id='line_1_6' title="bbox 397 1013 1348 1100; baseline -0.006 -19"><span class='ocrx_word' id='word_1_33' title='bbox 397 1017 529 1100; x_wconf 80' lang='lat' dir='ltr'><strong>Anglia</strong></span> <span class='ocrx_word' id='word_1_34' title='bbox 548 1024 583 1080; x_wconf 90' lang='lat' dir='ltr'><strong>et</strong></span> <span class='ocrx_word' id='word_1_35' title='bbox 601 1016 742 1092; x_wconf 82' lang='lat' dir='ltr'><strong>wallia,</strong></span> <span class='ocrx_word' id='word_1_36' title='bbox 765 1024 836 1079; x_wconf 87' lang='lat' dir='ltr'><strong>tarn</strong></span> <span class='ocrx_word' id='word_1_37' title='bbox 857 1035 918 1097; x_wconf 87' lang='lat' dir='ltr'><strong>per</strong></span> <span class='ocrx_word' id='word_1_38' title='bbox 935 1013 1221 1077; x_wconf 84' lang='lat' dir='ltr'><strong>Cantuariensem</strong></span> <span class='ocrx_word' id='word_1_39' title='bbox 1243 1030 1348 1095; x_wconf 86' lang='lat' dir='ltr'><strong>quam</strong></span> 
     </span>
     <span class='ocr_line' id='line_1_7' title="bbox 398 1111 1345 1199; baseline -0.006 -19"><span class='ocrx_word' id='word_1_40' title='bbox 398 1137 459 1199; x_wconf 90' lang='lat' dir='ltr'><strong>per</strong></span> <span class='ocrx_word' id='word_1_41' title='bbox 496 1117 748 1180; x_wconf 86' lang='lat' dir='ltr'><strong>Eboracensem</strong></span> <span class='ocrx_word' id='word_1_42' title='bbox 779 1114 1124 1196; x_wconf 84' lang='lat' dir='ltr'><strong>archiepiscopatum,</strong></span> <span class='ocrx_word' id='word_1_43' title='bbox 1151 1120 1187 1176; x_wconf 89' lang='lat' dir='ltr'><strong>et</strong></span> <span class='ocrx_word' id='word_1_44' title='bbox 1213 1111 1345 1175; x_wconf 92' lang='lat' dir='ltr'><strong>inillis</strong></span> 
     </span>
    </p>
   </div>
   <div class='ocr_carea' id='block_1_3' title="bbox 397 1210 1345 1677">
    <p class='ocr_par' dir='ltr' id='par_1_3' title="bbox 397 1210 1345 1677">
     <span class='ocr_line' id='line_1_8' title="bbox 399 1210 1345 1296; baseline -0.007 -16"><span class='ocrx_word' id='word_1_45' title='bbox 399 1215 580 1280; x_wconf 84' lang='lat' dir='ltr'><strong>Hibemiee</strong></span> <span class='ocrx_word' id='word_1_46' title='bbox 606 1215 774 1296; x_wconf 83' lang='lat' dir='ltr'><strong>partibus,</strong></span> <span class='ocrx_word' id='word_1_47' title='bbox 800 1215 835 1277; x_wconf 94' lang='lat' dir='ltr'><strong>in</strong></span> <span class='ocrx_word' id='word_1_48' title='bbox 859 1214 983 1296; x_wconf 91' lang='lat' dir='ltr'><strong>quibus</strong></span> <span class='ocrx_word' id='word_1_49' title='bbox 1000 1213 1125 1277; x_wconf 89' lang='lat' dir='ltr'><strong>nobilis</strong></span> <span class='ocrx_word' id='word_1_50' title='bbox 1142 1213 1196 1276; x_wconf 88' lang='lat' dir='ltr'><strong>vir</strong></span> <span class='ocrx_word' id='word_1_51' title='bbox 1213 1211 1236 1275; x_wconf 88' lang='lat' dir='ltr'>J</span> <span class='ocrx_word' id='word_1_52' title='bbox 1239 1210 1345 1275; x_wconf 90' lang='lat' dir='ltr'><strong>ohan·</strong></span> 
     </span>
     <span class='ocr_line' id='line_1_9' title="bbox 398 1313 1344 1394; baseline -0.007 -14"><span class='ocrx_word' id='word_1_53' title='bbox 398 1335 471 1391; x_wconf 89' lang='lat' dir='ltr'><strong>nes,</strong></span> <span class='ocrx_word' id='word_1_54' title='bbox 487 1334 602 1379; x_wconf 88' lang='lat' dir='ltr'><strong>comes</strong></span> <span class='ocrx_word' id='word_1_55' title='bbox 621 1314 819 1391; x_wconf 87' lang='lat' dir='ltr'><strong>Moretonii,</strong></span> <span class='ocrx_word' id='word_1_56' title='bbox 842 1314 948 1377; x_wconf 86' lang='lat' dir='ltr'><strong>frater</strong></span> <span class='ocrx_word' id='word_1_57' title='bbox 966 1313 1075 1394; x_wconf 89' lang='lat' dir='ltr'><strong>ipsius</strong></span> <span class='ocrx_word' id='word_1_58' title='bbox 1100 1313 1204 1394; x_wconf 82' lang='lat' dir='ltr'><strong>regis,</strong></span> <span class='ocrx_word' id='word_1_59' title='bbox 1228 1319 1344 1393; x_wconf 90' lang='lat' dir='ltr'><strong>potes·</strong></span> 
     </span>
     <span class='ocr_line' id='line_1_10' title="bbox 397 1410 1344 1494; baseline -0.005 -15"><span class='ocrx_word' id='word_1_60' title='bbox 397 1422 504 1479; x_wconf 84' lang='lat' dir='ltr'><strong>tatem</strong></span> <span class='ocrx_word' id='word_1_61' title='bbox 527 1415 631 1478; x_wconf 87' lang='lat' dir='ltr'><strong>habet</strong></span> <span class='ocrx_word' id='word_1_62' title='bbox 653 1421 688 1477; x_wconf 90' lang='lat' dir='ltr'><strong>et</strong></span> <span class='ocrx_word' id='word_1_63' title='bbox 709 1412 908 1490; x_wconf 91' lang='lat' dir='ltr'><strong>dominium,</strong></span> <span class='ocrx_word' id='word_1_64' title='bbox 924 1415 1132 1477; x_wconf 80' lang='lat' dir='ltr'><strong>auctoritate</strong></span> <span class='ocrx_word' id='word_1_65' title='bbox 1152 1410 1344 1494; x_wconf 89' lang='lat' dir='ltr'><strong>apostolica</strong></span> 
     </span>
     <span class='ocr_line' id='line_1_11' title="bbox 397 1511 1345 1596; baseline -0.005 -19"><span class='ocrx_word' id='word_1_66' title='bbox 397 1514 559 1578; x_wconf 80' lang='lat' dir='ltr'><strong>duximus</strong></span> <span class='ocrx_word' id='word_1_67' title='bbox 582 1512 874 1578; x_wconf 88' lang='lat' dir='ltr'><strong>committendum.</strong></span> <span class='ocrx_word' id='word_1_68' title='bbox 927 1512 1058 1576; x_wconf 84' lang='lat' dir='ltr'><strong>Datum</strong></span> <span class='ocrx_word' id='word_1_69' title='bbox 1074 1513 1111 1596; x_wconf 90' lang='lat' dir='ltr'><strong>ij.</strong></span> <span class='ocrx_word' id='word_1_70' title='bbox 1130 1511 1153 1575; x_wconf 88' lang='lat' dir='ltr'>J</span> <span class='ocrx_word' id='word_1_71' title='bbox 1156 1511 1240 1589; x_wconf 89' lang='lat' dir='ltr'><strong>unii,</strong></span> <span class='ocrx_word' id='word_1_72' title='bbox 1259 1530 1345 1592; x_wconf 93' lang='lat' dir='ltr'><strong>pon·</strong></span> 
     </span>
     <span class='ocr_line' id='line_1_12' title="bbox 397 1611 932 1677; baseline -0.006 0"><span class='ocrx_word' id='word_1_73' title='bbox 397 1614 550 1677; x_wconf 86' lang='lat' dir='ltr'><strong>tilicatus</strong></span> <span class='ocrx_word' id='word_1_74' title='bbox 565 1612 675 1677; x_wconf 89' lang='lat' dir='ltr'><strong>nostri</strong></span> <span class='ocrx_word' id='word_1_75' title='bbox 690 1630 782 1676; x_wconf 87' lang='lat' dir='ltr'><strong>anno</strong></span> <span class='ocrx_word' id='word_1_76' title='bbox 805 1611 932 1676; x_wconf 64' lang='lat' dir='ltr'><strong>tertio!</strong></span> 
     </span>
    </p>
   </div>
   <div class='ocr_carea' id='block_1_4' title="bbox 234 1783 1346 3661">
    <p class='ocr_par' dir='ltr' id='par_1_4' title="bbox 415 1783 1325 1969">
     <span class='ocr_line' id='line_1_13' title="bbox 415 1783 1325 1871; baseline -0.007 -19"><span class='ocrx_word' id='word_1_77' title='bbox 415 1788 457 1852; x_wconf 82' lang='lat' dir='ltr'><strong>Ut</strong></span> <span class='ocrx_word' id='word_1_78' title='bbox 473 1784 707 1852; x_wconf 74' lang='lat' dir='ltr'><strong>Oaatccra&#39;earie</strong></span> <span class='ocrx_word' id='word_1_79' title='bbox 720 1784 966 1870; x_wconf 68' lang='lat' dir='ltr'><strong>archiepiscopus</strong></span> <span class='ocrx_word' id='word_1_80' title='bbox 980 1785 1141 1871; x_wconf 70' lang='lat' dir='ltr'><strong>Huyooom</strong></span> <span class='ocrx_word' id='word_1_81' title='bbox 1154 1783 1325 1867; x_wconf 66' lang='lat' dir='ltr'><strong>qriccopum</strong></span> 
     </span>
     <span class='ocr_line' id='line_1_14' title="bbox 783 1884 952 1969; baseline -0.006 -20"><span class='ocrx_word' id='word_1_82' title='bbox 783 1884 952 1969; x_wconf 65' lang='lat' dir='ltr'><strong>rospondit.</strong></span> 
     </span>
    </p>

    <p class='ocr_par' dir='ltr' id='par_1_5' title="bbox 235 2001 1346 2119">
     <span class='ocr_line' id='line_1_15' title="bbox 235 2001 1346 2119; baseline -0.001 -49"><span class='ocrx_word' id='word_1_83' title='bbox 235 2029 384 2119; x_wconf 36' lang='lat' dir='ltr'><strong>nyssam„</strong></span> <span class='ocrx_word' id='word_1_84' title='bbox 449 2009 578 2074; x_wconf 85' lang='lat' dir='ltr'><strong>Eodem</strong></span> <span class='ocrx_word' id='word_1_85' title='bbox 604 2027 696 2071; x_wconf 91' lang='lat' dir='ltr'><strong>anno</strong></span> <span class='ocrx_word' id='word_1_86' title='bbox 721 2001 976 2084; x_wconf 63' lang='lat' dir='ltr'><strong>&#39;Baldewinua</strong></span> <span class='ocrx_word' id='word_1_87' title='bbox 1002 2006 1264 2071; x_wconf 85' lang='lat' dir='ltr'><strong>Goutuarieusis</strong></span> <span class='ocrx_word' id='word_1_88' title='bbox 1291 2026 1346 2084; x_wconf 71' lang='lat' dir='ltr'><strong>ar,-</strong></span> 
     </span>
    </p>

    <p class='ocr_par' dir='ltr' id='par_1_6' title="bbox 234 2080 1344 2190">
     <span class='ocr_line' id='line_1_16' title="bbox 234 2080 1344 2190; baseline 0.001 -21"><span class='ocrx_word' id='word_1_89' title='bbox 234 2080 375 2180; x_wconf 51' lang='lat' dir='ltr'><strong>i’iffliif&#39;</strong></span> <span class='ocrx_word' id='word_1_90' title='bbox 395 2109 646 2190; x_wconf 89' lang='lat' dir='ltr'><strong>chiepiscopus,</strong></span> <span class='ocrx_word' id='word_1_91' title='bbox 678 2107 889 2189; x_wconf 87' lang='lat' dir='ltr'><strong>[Richardo]</strong></span> <span class='ocrx_word' id='word_1_92' title='bbox 920 2107 1154 2171; x_wconf 88' lang='lat' dir='ltr'><strong>Londoniensi</strong></span> <span class='ocrx_word' id='word_1_93' title='bbox 1181 2108 1344 2189; x_wconf 88' lang='lat' dir='ltr'><strong>episcopo</strong></span> 
     </span>
    </p>

    <p class='ocr_par' dir='ltr' id='par_1_7' title="bbox 391 2206 1346 2291">
     <span class='ocr_line' id='line_1_17' title="bbox 391 2206 1346 2291; baseline -0.001 -20"><span class='ocrx_word' id='word_1_94' title='bbox 391 2209 534 2291; x_wconf 82' lang='lat' dir='ltr'><strong>scripsit</strong></span> <span class='ocrx_word' id='word_1_95' title='bbox 551 2209 588 2270; x_wconf 92' lang='lat' dir='ltr'><strong>in</strong></span> <span class='ocrx_word' id='word_1_96' title='bbox 611 2207 685 2270; x_wconf 83' lang='lat' dir='ltr'><strong>hrec</strong></span> <span class='ocrx_word' id='word_1_97' title='bbox 704 2207 831 2285; x_wconf 78' lang='lat' dir='ltr'><strong>verba3</strong></span> <span class='ocrx_word' id='word_1_98' title='bbox 857 2206 968 2270; x_wconf 85' lang='lat' dir='ltr'><strong>‘Cum</strong></span> <span class='ocrx_word' id='word_1_99' title='bbox 990 2224 1143 2270; x_wconf 82' lang='lat' dir='ltr'><strong>essemus</strong></span> <span class='ocrx_word' id='word_1_100' title='bbox 1162 2206 1254 2289; x_wconf 89' lang='lat' dir='ltr'><strong>apud</strong></span> <span class='ocrx_word' id='word_1_101' title='bbox 1274 2206 1346 2270; x_wconf 91' lang='lat' dir='ltr'><strong>Ro·</strong></span> 
     </span>
    </p>

    <p class='ocr_par' dir='ltr' id='par_1_8' title="bbox 397 2305 1346 2389">
     <span class='ocr_line' id='line_1_18' title="bbox 397 2305 1346 2389; baseline -0.003 -18"><span class='ocrx_word' id='word_1_102' title='bbox 397 2308 609 2389; x_wconf 83' lang='lat' dir='ltr'><strong>thomagnm,</strong></span> <span class='ocrx_word' id='word_1_103' title='bbox 640 2306 830 2387; x_wconf 81' lang='lat' dir='ltr'><strong>Hugouem</strong></span> <span class='ocrx_word' id='word_1_104' title='bbox 857 2306 997 2369; x_wconf 86' lang='lat' dir='ltr'><strong>fratrem</strong></span> <span class='ocrx_word' id='word_1_105' title='bbox 1029 2313 1183 2369; x_wconf 90' lang='lat' dir='ltr'><strong>nostrum</strong></span> <span class='ocrx_word' id='word_1_106' title='bbox 1210 2305 1346 2370; x_wconf 82' lang='lat' dir='ltr'><strong>Coven-</strong></span> 
     </span>
    </p>

    <p class='ocr_par' dir='ltr' id='par_1_9' title="bbox 397 2404 1344 2489">
     <span class='ocr_line' id='line_1_19' title="bbox 397 2404 1344 2489; baseline -0.002 -19"><span class='ocrx_word' id='word_1_107' title='bbox 397 2415 558 2484; x_wconf 89' lang='lat' dir='ltr'><strong>trensem,</strong></span> <span class='ocrx_word' id='word_1_108' title='bbox 576 2406 636 2489; x_wconf 88' lang='lat' dir='ltr'><strong>qni</strong></span> <span class='ocrx_word' id='word_1_109' title='bbox 656 2413 778 2468; x_wconf 85' lang='lat' dir='ltr'><strong>contra</strong></span> <span class='ocrx_word' id='word_1_110' title='bbox 795 2404 1001 2487; x_wconf 81' lang='lat' dir='ltr'><strong>dignitatem</strong></span> <span class='ocrx_word' id='word_1_111' title='bbox 1024 2405 1232 2487; x_wconf 79' lang='lat' dir='ltr'><strong>episcopalis</strong></span> <span class='ocrx_word' id='word_1_112' title='bbox 1253 2405 1344 2469; x_wconf 90' lang='lat' dir='ltr'><strong>ordi·</strong></span> 
     </span>
    </p>

    <p class='ocr_par' dir='ltr' id='par_1_10' title="bbox 396 2504 1344 2586">
     <span class='ocr_line' id='line_1_20' title="bbox 396 2504 1344 2586; baseline -0.001 -17"><span class='ocrx_word' id='word_1_113' title='bbox 396 2507 450 2569; x_wconf 90' lang='lat' dir='ltr'><strong>nis</strong></span> <span class='ocrx_word' id='word_1_114' title='bbox 468 2504 616 2570; x_wconf 92' lang='lat' dir='ltr'><strong>officium</strong></span> <span class='ocrx_word' id='word_1_115' title='bbox 638 2504 703 2568; x_wconf 86' lang='lat' dir='ltr'><strong>sibi</strong></span> <span class='ocrx_word' id='word_1_116' title='bbox 725 2504 984 2569; x_wconf 88' lang='lat' dir='ltr'><strong>vicecomitatus</strong></span> <span class='ocrx_word' id='word_1_117' title='bbox 1004 2512 1247 2586; x_wconf 83' lang='lat' dir='ltr'><strong>usurpaverat,</strong></span> <span class='ocrx_word' id='word_1_118' title='bbox 1265 2524 1344 2568; x_wconf 83' lang='lat' dir='ltr'><strong>sus-</strong></span> 
     </span>
    </p>

    <p class='ocr_par' dir='ltr' id='par_1_11' title="bbox 396 2603 1343 2688">
     <span class='ocr_line' id='line_1_21' title="bbox 396 2603 1343 2688; baseline 0.001 -21"><span class='ocrx_word' id='word_1_119' title='bbox 396 2605 576 2688; x_wconf 80' lang='lat' dir='ltr'><strong>pendimus</strong></span> <span class='ocrx_word' id='word_1_120' title='bbox 592 2624 614 2668; x_wconf 89' lang='lat' dir='ltr'><strong>a</strong></span> <span class='ocrx_word' id='word_1_121' title='bbox 627 2603 776 2683; x_wconf 83' lang='lat' dir='ltr'><strong>divinis3</strong></span> <span class='ocrx_word' id='word_1_122' title='bbox 801 2605 860 2686; x_wconf 91' lang='lat' dir='ltr'><strong>qui</strong></span> <span class='ocrx_word' id='word_1_123' title='bbox 882 2603 1102 2686; x_wconf 86' lang='lat' dir='ltr'><strong>postmodum</strong></span> <span class='ocrx_word' id='word_1_124' title='bbox 1122 2605 1222 2668; x_wconf 88' lang='lat' dir='ltr'><strong>nobis</strong></span> <span class='ocrx_word' id='word_1_125' title='bbox 1240 2604 1343 2668; x_wconf 90' lang='lat' dir='ltr'><strong>firmi·</strong></span> 
     </span>
    </p>

    <p class='ocr_par' dir='ltr' id='par_1_12' title="bbox 396 2702 1343 2787">
     <span class='ocr_line' id='line_1_22' title="bbox 396 2702 1343 2787; baseline 0 -19"><span class='ocrx_word' id='word_1_126' title='bbox 396 2712 450 2768; x_wconf 89' lang='lat' dir='ltr'><strong>ter</strong></span> <span class='ocrx_word' id='word_1_127' title='bbox 466 2705 634 2787; x_wconf 82' lang='lat' dir='ltr'><strong>promisit,</strong></span> <span class='ocrx_word' id='word_1_128' title='bbox 648 2702 739 2785; x_wconf 92' lang='lat' dir='ltr'><strong>quod</strong></span> <span class='ocrx_word' id='word_1_129' title='bbox 756 2703 1016 2767; x_wconf 84' lang='lat' dir='ltr'><strong>vicecomitatns</strong></span> <span class='ocrx_word' id='word_1_130' title='bbox 1030 2722 1147 2767; x_wconf 87' lang='lat' dir='ltr'><strong>curam</strong></span> <span class='ocrx_word' id='word_1_131' title='bbox 1165 2704 1201 2768; x_wconf 90' lang='lat' dir='ltr'><strong>in</strong></span> <span class='ocrx_word' id='word_1_132' title='bbox 1219 2723 1343 2768; x_wconf 89' lang='lat' dir='ltr'><strong>manns</strong></span> 
     </span>
    </p>

    <p class='ocr_par' dir='ltr' id='par_1_13' title="bbox 395 2797 1345 2887">
     <span class='ocr_line' id='line_1_23' title="bbox 395 2797 1345 2887; baseline 0.001 -19"><span class='ocrx_word' id='word_1_133' title='bbox 395 2805 487 2886; x_wconf 79' lang='lat' dir='ltr'><strong>regis</strong></span> <span class='ocrx_word' id='word_1_134' title='bbox 511 2797 730 2885; x_wconf 82' lang='lat' dir='ltr'><strong>³resignabit,</strong></span> <span class='ocrx_word' id='word_1_135' title='bbox 762 2822 824 2866; x_wconf 91' lang='lat' dir='ltr'><strong>nec</strong></span> <span class='ocrx_word' id='word_1_136' title='bbox 851 2821 889 2866; x_wconf 92' lang='lat' dir='ltr'><strong>se</strong></span> <span class='ocrx_word' id='word_1_137' title='bbox 917 2801 960 2865; x_wconf 89' lang='lat' dir='ltr'><strong>de</strong></span> <span class='ocrx_word' id='word_1_138' title='bbox 987 2812 1113 2867; x_wconf 87' lang='lat' dir='ltr'><strong>caetero</strong></span> <span class='ocrx_word' id='word_1_139' title='bbox 1146 2803 1345 2887; x_wconf 89' lang='lat' dir='ltr'><strong>hujusmodi</strong></span> 
     </span>
    </p>

    <p class='ocr_par' dir='ltr' id='par_1_14' title="bbox 394 2902 1345 2976">
     <span class='ocr_line' id='line_1_24' title="bbox 394 2902 1345 2976; baseline 0.002 -10"><span class='ocrx_word' id='word_1_140' title='bbox 394 2902 516 2966; x_wconf 87' lang='lat' dir='ltr'><strong>officiis</strong></span> <span class='ocrx_word' id='word_1_141' title='bbox 541 2902 759 2976; x_wconf 86' lang='lat' dir='ltr'><strong>immiscebit,</strong></span> <span class='ocrx_word' id='word_1_142' title='bbox 784 2902 876 2965; x_wconf 89' lang='lat' dir='ltr'><strong>unde</strong></span> <span class='ocrx_word' id='word_1_143' title='bbox 897 2920 919 2965; x_wconf 89' lang='lat' dir='ltr'><strong>a</strong></span> <span class='ocrx_word' id='word_1_144' title='bbox 936 2902 1035 2965; x_wconf 90' lang='lat' dir='ltr'><strong>nobis</strong></span> <span class='ocrx_word' id='word_1_145' title='bbox 1057 2903 1260 2967; x_wconf 89' lang='lat' dir='ltr'><strong>beneficium</strong></span> <span class='ocrx_word' id='word_1_146' title='bbox 1282 2906 1345 2968; x_wconf 86' lang='lat' dir='ltr'><strong>ab·</strong></span> 
     </span>
    </p>

    <p class='ocr_par' dir='ltr' id='par_1_15' title="bbox 395 3001 1346 3083">
     <span class='ocr_line' id='line_1_25' title="bbox 395 3001 1346 3083; baseline 0.003 -18"><span class='ocrx_word' id='word_1_147' title='bbox 395 3002 579 3066; x_wconf 88' lang='lat' dir='ltr'><strong>solutionis</strong></span> <span class='ocrx_word' id='word_1_148' title='bbox 612 3001 813 3083; x_wconf 86' lang='lat' dir='ltr'><strong>promeruit.</strong></span> <span class='ocrx_word' id='word_1_149' title='bbox 865 3001 1039 3064; x_wconf 89' lang='lat' dir='ltr'><strong>Mittimus</strong></span> <span class='ocrx_word' id='word_1_150' title='bbox 1069 3001 1176 3082; x_wconf 81' lang='lat' dir='ltr'><strong>igitur</strong></span> <span class='ocrx_word' id='word_1_151' title='bbox 1204 3002 1249 3066; x_wconf 83' lang='lat' dir='ltr'><strong>ad</strong></span> <span class='ocrx_word' id='word_1_152' title='bbox 1282 3024 1346 3068; x_wconf 87' lang='lat' dir='ltr'><strong>vos</strong></span> 
     </span>
    </p>

    <p class='ocr_par' dir='ltr' id='par_1_16' title="bbox 396 3100 1344 3181">
     <span class='ocr_line' id='line_1_26' title="bbox 396 3100 1344 3181; baseline 0.004 -18"><span class='ocrx_word' id='word_1_153' title='bbox 396 3100 543 3163; x_wconf 89' lang='lat' dir='ltr'><strong>eundem</strong></span> <span class='ocrx_word' id='word_1_154' title='bbox 560 3101 760 3181; x_wconf 88' lang='lat' dir='ltr'><strong>episcopum</strong></span> <span class='ocrx_word' id='word_1_155' title='bbox 783 3119 861 3162; x_wconf 89' lang='lat' dir='ltr'><strong>curn</strong></span> <span class='ocrx_word' id='word_1_156' title='bbox 884 3100 992 3164; x_wconf 87' lang='lat' dir='ltr'><strong>literis</strong></span> <span class='ocrx_word' id='word_1_157' title='bbox 1015 3103 1154 3179; x_wconf 89' lang='lat' dir='ltr'><strong>nostris,</strong></span> <span class='ocrx_word' id='word_1_158' title='bbox 1177 3103 1344 3167; x_wconf 88' lang='lat' dir='ltr'><strong>mandau-</strong></span> 
     </span>
    </p>

    <p class='ocr_par' dir='ltr' id='par_1_17' title="bbox 396 3198 1343 3283">
     <span class='ocr_line' id='line_1_27' title="bbox 396 3198 1343 3283; baseline 0.006 -22"><span class='ocrx_word' id='word_1_159' title='bbox 396 3206 450 3262; x_wconf 90' lang='lat' dir='ltr'><strong>tes</strong></span> <span class='ocrx_word' id='word_1_160' title='bbox 465 3205 649 3281; x_wconf 88' lang='lat' dir='ltr'><strong>qnatenus,</strong></span> <span class='ocrx_word' id='word_1_161' title='bbox 660 3199 759 3263; x_wconf 91' lang='lat' dir='ltr'><strong>vobis</strong></span> <span class='ocrx_word' id='word_1_162' title='bbox 777 3198 923 3263; x_wconf 82' lang='lat' dir='ltr'><strong>Roiensi</strong></span> <span class='ocrx_word' id='word_1_163' title='bbox 937 3201 1099 3283; x_wconf 89' lang='lat' dir='ltr'><strong>episcopo</strong></span> <span class='ocrx_word' id='word_1_164' title='bbox 1115 3220 1193 3264; x_wconf 91' lang='lat' dir='ltr'><strong>cum</strong></span> <span class='ocrx_word' id='word_1_165' title='bbox 1210 3203 1343 3267; x_wconf 87' lang='lat' dir='ltr'><strong>clericis</strong></span> 
     </span>
    </p>

    <p class='ocr_par' dir='ltr' id='par_1_18' title="bbox 397 3298 1345 3382">
     <span class='ocr_line' id='line_1_28' title="bbox 397 3298 1345 3382; baseline 0.005 -22"><span class='ocrx_word' id='word_1_166' title='bbox 397 3299 523 3362; x_wconf 86' lang='lat' dir='ltr'><strong>nostris</strong></span> <span class='ocrx_word' id='word_1_167' title='bbox 554 3298 730 3382; x_wconf 89' lang='lat' dir='ltr'><strong>adjuncto,</strong></span> <span class='ocrx_word' id='word_1_168' title='bbox 757 3298 866 3362; x_wconf 86' lang='lat' dir='ltr'><strong>eidem</strong></span> <span class='ocrx_word' id='word_1_169' title='bbox 893 3308 1022 3363; x_wconf 89' lang='lat' dir='ltr'><strong>certum</strong></span> <span class='ocrx_word' id='word_1_170' title='bbox 1052 3300 1140 3362; x_wconf 90' lang='lat' dir='ltr'><strong>diem</strong></span> <span class='ocrx_word' id='word_1_171' title='bbox 1169 3308 1204 3363; x_wconf 85' lang='lat' dir='ltr'><strong>et</strong></span> <span class='ocrx_word' id='word_1_172' title='bbox 1230 3300 1345 3365; x_wconf 91' lang='lat' dir='ltr'><strong>locum</strong></span> 
     </span>
    </p>

    <p class='ocr_par' dir='ltr' id='par_1_19' title="bbox 396 3397 1344 3481">
     <span class='ocr_line' id='line_1_29' title="bbox 396 3397 1344 3481; baseline 0.005 -22"><span class='ocrx_word' id='word_1_173' title='bbox 396 3398 561 3462; x_wconf 86' lang='lat' dir='ltr'><strong>statuatis</strong></span> <span class='ocrx_word' id='word_1_174' title='bbox 590 3405 626 3460; x_wconf 91' lang='lat' dir='ltr'><strong>et</strong></span> <span class='ocrx_word' id='word_1_175' title='bbox 656 3417 761 3479; x_wconf 90' lang='lat' dir='ltr'><strong>super</strong></span> <span class='ocrx_word' id='word_1_176' title='bbox 786 3397 953 3476; x_wconf 88' lang='lat' dir='ltr'><strong>articulis,</strong></span> <span class='ocrx_word' id='word_1_177' title='bbox 975 3418 1039 3480; x_wconf 90' lang='lat' dir='ltr'><strong>pro</strong></span> <span class='ocrx_word' id='word_1_178' title='bbox 1058 3398 1182 3481; x_wconf 87' lang='lat' dir='ltr'><strong>quibus</strong></span> <span class='ocrx_word' id='word_1_179' title='bbox 1202 3417 1224 3462; x_wconf 87' lang='lat' dir='ltr'><strong>a</strong></span> <span class='ocrx_word' id='word_1_180' title='bbox 1243 3402 1344 3464; x_wconf 88' lang='lat' dir='ltr'><strong>nobis</strong></span> 
     </span>
    </p>

    <p class='ocr_par' dir='ltr' id='par_1_20' title="bbox 395 3496 1342 3661">
     <span class='ocr_line' id='line_1_30' title="bbox 395 3496 1342 3581; baseline 0.004 -22"><span class='ocrx_word' id='word_1_181' title='bbox 395 3516 582 3581; x_wconf 86' lang='lat' dir='ltr'><strong>suspensus</strong></span> <span class='ocrx_word' id='word_1_182' title='bbox 606 3496 684 3573; x_wconf 87' lang='lat' dir='ltr'><strong>fuit,</strong></span> <span class='ocrx_word' id='word_1_183' title='bbox 702 3496 795 3578; x_wconf 94' lang='lat' dir='ltr'><strong>quod</strong></span> <span class='ocrx_word' id='word_1_184' title='bbox 813 3500 948 3580; x_wconf 89' lang='lat' dir='ltr'><strong>justum</strong></span> <span class='ocrx_word' id='word_1_185' title='bbox 972 3497 1076 3562; x_wconf 89' lang='lat' dir='ltr'><strong>suerit</strong></span> <span class='ocrx_word' id='word_1_186' title='bbox 1097 3504 1250 3564; x_wconf 88' lang='lat' dir='ltr'><strong>statuere</strong></span> <span class='ocrx_word' id='word_1_187' title='bbox 1274 3519 1342 3563; x_wconf 94' lang='lat' dir='ltr'><strong>non</strong></span> 
     </span>
     <span class='ocr_line' id='line_1_31' title="bbox 395 3596 587 3661; baseline 0 -1"><span class='ocrx_word' id='word_1_188' title='bbox 395 3596 587 3661; x_wconf 63' lang='lat' dir='ltr'><strong>omittatis?</strong></span> 
     </span>
    </p>
   </div>
   <div class='ocr_carea' id='block_1_5' title="bbox 394 3791 1346 4138">
    <p class='ocr_par' dir='ltr' id='par_1_21' title="bbox 395 3791 1345 3995">
     <span class='ocr_line' id='line_1_32' title="bbox 430 3791 1345 3860; baseline 0.008 -17"><span class='ocrx_word' id='word_1_189' title='bbox 430 3791 590 3857; x_wconf 64' lang='lat' dir='ltr'><strong>&#39;legationis</strong></span> <span class='ocrx_word' id='word_1_190' title='bbox 608 3795 733 3860; x_wconf 68' lang='lat' dir='ltr'><strong>officim]</strong></span> <span class='ocrx_word' id='word_1_191' title='bbox 753 3797 800 3844; x_wconf 86' lang='lat' dir='ltr'><strong>See</strong></span> <span class='ocrx_word' id='word_1_192' title='bbox 818 3796 858 3844; x_wconf 85' lang='lat' dir='ltr'><strong>his</strong></span> <span class='ocrx_word' id='word_1_193' title='bbox 882 3799 916 3858; x_wconf 83' lang='lat' dir='ltr'><strong>by</strong></span> <span class='ocrx_word' id='word_1_194' title='bbox 927 3797 970 3846; x_wconf 79' lang='lat' dir='ltr'><strong>llio</strong></span> <span class='ocrx_word' id='word_1_195' title='bbox 980 3796 1070 3858; x_wconf 83' lang='lat' dir='ltr'><strong>bishop</strong></span> <span class='ocrx_word' id='word_1_196' title='bbox 1081 3797 1111 3846; x_wconf 85' lang='lat' dir='ltr'><strong>ol</strong></span> <span class='ocrx_word' id='word_1_197' title='bbox 1124 3797 1249 3860; x_wconf 71' lang='lat' dir='ltr'><strong>Covenuy</strong></span> <span class='ocrx_word' id='word_1_198' title='bbox 1261 3805 1287 3849; x_wconf 88' lang='lat' dir='ltr'><strong>to</strong></span> <span class='ocrx_word' id='word_1_199' title='bbox 1303 3800 1345 3850; x_wconf 83' lang='lat' dir='ltr'><strong>the</strong></span> 
     </span>
     <span class='ocr_line' id='line_1_33' title="bbox 395 3862 1300 3934; baseline 0.01 -23"><span class='ocrx_word' id='word_1_200' title='bbox 395 3862 449 3912; x_wconf 78' lang='lat' dir='ltr'><strong>first</strong></span> <span class='ocrx_word' id='word_1_201' title='bbox 459 3870 513 3912; x_wconf 84' lang='lat' dir='ltr'><strong>acts</strong></span> <span class='ocrx_word' id='word_1_202' title='bbox 529 3877 559 3913; x_wconf 81' lang='lat' dir='ltr'><strong>os</strong></span> <span class='ocrx_word' id='word_1_203' title='bbox 575 3864 718 3914; x_wconf 82' lang='lat' dir='ltr'><strong>chancellor</strong></span> <span class='ocrx_word' id='word_1_204' title='bbox 733 3865 759 3912; x_wconf 93' lang='lat' dir='ltr'><strong>in</strong></span> <span class='ocrx_word' id='word_1_205' title='bbox 776 3866 858 3914; x_wconf 86' lang='lat' dir='ltr'><strong>Bene·</strong></span> <span class='ocrx_word' id='word_1_206' title='bbox 883 3882 961 3929; x_wconf 78' lang='lat' dir='ltr'><strong>seme,</strong></span> <span class='ocrx_word' id='word_1_207' title='bbox 972 3867 997 3915; x_wconf 90' lang='lat' dir='ltr'><strong>in</strong></span> <span class='ocrx_word' id='word_1_208' title='bbox 1008 3867 1111 3930; x_wconf 86' lang='lat' dir='ltr'><strong>Diceto,</strong></span> <span class='ocrx_word' id='word_1_209' title='bbox 1122 3868 1171 3918; x_wconf 90' lang='lat' dir='ltr'><strong>col.</strong></span> <span class='ocrx_word' id='word_1_210' title='bbox 1183 3872 1241 3931; x_wconf 70' lang='lat'><strong>662,</strong></span> <span class='ocrx_word' id='word_1_211' title='bbox 1251 3884 1300 3934; x_wconf 77' lang='lat' dir='ltr'><strong>req.</strong></span> 
     </span>
     <span class='ocr_line' id='line_1_34' title="bbox 396 3932 829 3995; baseline 0.007 -15"><span class='ocrx_word' id='word_1_212' title='bbox 396 3932 457 3982; x_wconf 88' lang='lat' dir='ltr'><strong>dict.</strong></span> <span class='ocrx_word' id='word_1_213' title='bbox 469 3949 496 3995; x_wconf 89' lang='lat' dir='ltr'><strong>p.</strong></span> <span class='ocrx_word' id='word_1_214' title='bbox 506 3936 571 3992; x_wconf 73' lang='lat'><strong>5853</strong></span> <span class='ocrx_word' id='word_1_215' title='bbox 588 3935 637 3982; x_wconf 79' lang='lat' dir='ltr'><strong>and</strong></span> <span class='ocrx_word' id='word_1_216' title='bbox 649 3934 741 3993; x_wconf 73' lang='lat' dir='ltr'><strong>belen,</strong></span> <span class='ocrx_word' id='word_1_217' title='bbox 753 3949 778 3995; x_wconf 87' lang='lat' dir='ltr'><strong>p.</strong></span> <span class='ocrx_word' id='word_1_218' title='bbox 789 3940 829 3984; x_wconf 75' lang='lat'><strong>³5.</strong></span> 
     </span>
    </p>

    <p class='ocr_par' dir='ltr' id='par_1_22' title="bbox 394 3999 1346 4138">
     <span class='ocr_line' id='line_1_35' title="bbox 429 3999 1346 4069; baseline 0.004 -16"><span class='ocrx_word' id='word_1_219' title='bbox 429 3999 607 4053; x_wconf 76' lang='lat' dir='ltr'><strong>&#39;Bridewr&#39;rar</strong></span> <span class='ocrx_word' id='word_1_220' title='bbox 616 4004 856 4054; x_wconf 73' lang='lat' dir='ltr'><strong>cantuariensis...</strong></span> <span class='ocrx_word' id='word_1_221' title='bbox 915 4002 1114 4067; x_wconf 61' lang='lat' dir='ltr'><strong>’Rerignniitl</strong></span> <span class='ocrx_word' id='word_1_222' title='bbox 1141 4006 1223 4055; x_wconf 78' lang='lat' dir='ltr'><strong>‘inire</strong></span> <span class='ocrx_word' id='word_1_223' title='bbox 1238 4009 1346 4069; x_wconf 86' lang='lat' dir='ltr'><strong>quinde-</strong></span> 
     </span>
     <span class='ocr_line' id='line_1_36' title="bbox 394 4072 1320 4138; baseline 0.009 -18"><span class='ocrx_word' id='word_1_224' title='bbox 394 4072 517 4136; x_wconf 65' lang='lat' dir='ltr'><strong>rcriprit]</strong></span> <span class='ocrx_word' id='word_1_225' title='bbox 534 4073 581 4122; x_wconf 86' lang='lat' dir='ltr'><strong>See</strong></span> <span class='ocrx_word' id='word_1_226' title='bbox 589 4072 640 4122; x_wconf 83' lang='lat' dir='ltr'><strong>this</strong></span> <span class='ocrx_word' id='word_1_227' title='bbox 652 4074 734 4138; x_wconf 66' lang='lat' dir='ltr'><strong>letwr,</strong></span> <span class='ocrx_word' id='word_1_228' title='bbox 742 4075 792 4123; x_wconf 82' lang='lat' dir='ltr'><strong>and</strong></span> <span class='ocrx_word' id='word_1_229' title='bbox 803 4074 858 4123; x_wconf 80' lang='lat' dir='ltr'><strong>that</strong></span> <span class='ocrx_word' id='word_1_230' title='bbox 881 4075 931 4124; x_wconf 83' lang='lat' dir='ltr'><strong>cim</strong></span> <span class='ocrx_word' id='word_1_231' title='bbox 942 4076 998 4125; x_wconf 82' lang='lat' dir='ltr'><strong>dies</strong></span> <span class='ocrx_word' id='word_1_232' title='bbox 1009 4080 1067 4138; x_wconf 81' lang='lat' dir='ltr'><strong>port</strong></span> <span class='ocrx_word' id='word_1_233' title='bbox 1077 4075 1180 4124; x_wconf 76' lang='lat' dir='ltr'><strong>Pascha</strong></span> <span class='ocrx_word' id='word_1_234' title='bbox 1185 4072 1202 4137; x_wconf 74' lang='lat'><strong>5’</strong></span> <span class='ocrx_word' id='word_1_235' title='bbox 1219 4077 1320 4129; x_wconf 84' lang='lat' dir='ltr'><strong>Diceto.</strong></span> 
     </span>
    </p>
   </div>
   <div class='ocr_carea' id='block_1_6' title="bbox 0 0 1490 5016">
    <p class='ocr_par' dir='ltr' id='par_1_23' title="bbox 0 0 1490 5016">
     <span class='ocr_line' id='line_1_37' title="bbox 0 0 1490 5016; baseline 0 1"><span class='ocrx_word' id='word_1_236' title='bbox 0 0 1490 5016; x_wconf 95' lang='lat' dir='ltr'><strong> </strong></span> 
     </span>
    </p>
   </div>
  </div>
 </body>
</html>
