2970 5016
432 480 570 528 rnoans
594 480 861 529 ursroamuuu.
1078 466 1122 531 53

165 635 348 716 capicium,
367 656 429 717 per
443 656 583 701 arenam
599 645 634 702 et
651 658 750 715 saxa,
768 659 838 702 non
853 639 928 702 sine
946 639 1118 721 pontificis
1132 657 1187 699 au.
1200 660 1254 699 uu.

165 735 315 797 laesione.
369 736 567 800 Servientes
593 737 670 820 ejus
694 738 833 801 tandem
860 746 1055 814 occurrunt,
1080 747 1119 803 ut

164 833 339 896 dominum
367 834 566 912 liberarent,
597 836 658 899 sed
686 856 754 899 non
786 844 1000 919 potuerunt;
1037 856 1117 900 nam

164 933 312 1013 populus
334 953 414 997 cum
439 934 627 998 insatiabili
653 935 756 999 corde
776 936 872 999 illum
893 955 1117 1019 persequens,

165 1032 288 1108 verbis,
317 1033 429 1114 alapis
455 1041 491 1096 et
513 1033 625 1116 sputis
652 1033 928 1111 dehonestatum,
951 1055 1014 1116 per
1042 1036 1116 1117 pla-

165 1138 239 1193 teas
254 1130 458 1195 distractum
477 1132 511 1194 in
529 1132 678 1215 quodam
701 1134 841 1197 cellario
863 1135 928 1196 sub
950 1135 1115 1199 carcerali

165 1230 323 1294 custodia
340 1231 533 1295 includunt.
566 1232 624 1295 Sic
642 1232 762 1313 utique
776 1232 888 1296 sactus
906 1234 1009 1296 estin
1024 1233 1114 1298 deri·

163 1348 239 1391 sum
262 1331 356 1393 omni
378 1330 518 1412 populo,
542 1332 602 1413 qui
624 1323 772 1394 ¹utinam
792 1350 830 1395 se
849 1331 961 1394 solum
985 1341 1020 1396 et
1044 1351 1114 1396 non

163 1428 394 1493 sacerdotium
422 1430 649 1512 inquinasset,
672 1437 804 1493 tractus
828 1438 882 1493 est
910 1430 971 1511 qui
1000 1430 1113 1493 archi-

163 1527 363 1609 episcopum
400 1528 652 1615 Eboracensem
692 1535 859 1604 traxerat,
899 1536 1022 1610 captus
1053 1531 1114 1611 qui

164 1634 314 1707 ceperat,
339 1628 467 1708 ligatus
496 1629 556 1710 qui
579 1628 765 1709 ligaverat,
792 1628 1026 1691 incarceratus
1052 1628 1112 1709 qui

162 1725 450 1803 incarceraverat,
483 1735 523 1790 ut
553 1727 741 1790 secundum
772 1727 1000 1808 quantitatem
1037 1728 1111 1790 cul·

163 1843 217 1905 pae
232 1826 412 1906 quantitas
432 1845 546 1908 poenae
563 1827 881 1889 commensurabilis
898 1819 1111 1889 ²haberetur.

162 1922 331 2000 Tandem,
345 1926 472 2007 spretis
489 1925 665 1990 obsidibus
685 1932 790 2007 atque
801 1924 1000 2007 juramento
1017 1926 1112 2008 quod

163 2021 302 2100 fecerat,
324 2043 362 2087 se
385 2043 454 2087 non
480 2044 694 2088 recessurum
720 2044 742 2087 a
762 2044 870 2105 regno
888 2023 1026 2105 Angliae
1051 2043 1113 2087 an·

163 2130 300 2203 tequam
328 2123 473 2186 castella
502 2124 735 2200 redderentur,
764 2123 855 2186 idem
887 2123 1112 2187 cancellarius

162 2228 286 2301 quarto
325 2220 492 2286 kalendas
531 2221 741 2287 Novembris
786 2223 821 2285 in
859 2220 1112 2287 Normanniam

163 2319 414 2385 transfretavit.

442 2467 529 2532 Nota
546 2488 611 2531 rom
625 2466 815 2532 inauditam.

212 2581 358 2653 Eodem³
392 2608 484 2653 anno
508 2590 650 2673 juvenis
673 2590 813 2673 quidam
839 2589 882 2653 de
908 2589 1010 2652 domo
1035 2587 1109 2669 epi·
1123 2611 1264 2651 inserant

160 2689 257 2771 scopi
283 2687 541 2752 Londoniarum
565 2690 689 2765 nisum,
714 2708 816 2770 quem
840 2687 973 2763 habuit,
992 2661 1215 2751 docuit⁸¹¹“'¹·

160 2787 324 2851 corcellas
355 2789 559 2869 propensius
586 2787 767 2864 affectare3
801 2787 919 2867 itaque
947 2784 990 2847 ad
1016 2786 1111 2848 soni·

162 2893 235 2948 tum
252 2886 344 2949 illius
359 2887 592 2964 instrumenti,
608 2886 700 2969 quod
718 2906 741 2949 a
757 2884 967 2967 ripatoribus
984 2883 1110 2947 thabur

161 2986 370 3062 nominatur,
396 2987 511 3050 subito
529 2986 676 3050 cercella
702 2985 851 3067 quodam
878 2984 1011 3047 alarum
1034 3003 1111 3065 per-

161 3083 285 3148 niciter
310 3085 453 3166 remigio
476 3085 640 3149 evolavit.
704 3084 813 3148 Nisus
842 3092 958 3147 autem
986 3083 1109 3146 illusus

160 3181 280 3265 lupum
312 3184 482 3266 quendam
511 3193 546 3248 et
576 3184 704 3247 lucium
736 3185 772 3247 in
799 3182 902 3245 undis
932 3190 1110 3246 natantem

161 3281 355 3364 intercepit,
379 3283 509 3347 invasit
534 3291 569 3346 et
598 3284 756 3365 arripuit,
783 3289 818 3345 et
847 3302 952 3364 super
978 3282 1110 3344 aridam

160 3401 222 3462 per
236 3383 399 3463 spatium,
415 3382 506 3445 sicut
521 3383 713 3459 videbatur,
736 3381 968 3464 quadraginta
985 3380 1109 3461 pedum

101 3519 106 3528 -
159 3499 235 3544 sese
251 3501 329 3545 cum
347 3501 438 3544 nova
455 3480 574 3563 praeda
590 3483 730 3563 recepit.
782 3481 975 3562 Episcopus
993 3486 1108 3540 autem

159 3579 290 3645 insoliti
315 3599 416 3644 casus
443 3581 598 3644 novitate
625 3579 839 3662 stupefactus
864 3578 976 3640 nisum
999 3584 1034 3638 et
1056 3576 1109 3638 lu·

160 3697 254 3758 pum,
268 3679 394 3743 futuris
408 3679 534 3743 seculis
551 3679 819 3755 memorabilem,
843 3676 1025 3739 undecimo
1047 3673 1108 3738 ka·

160 3774 281 3842 lendas
297 3778 506 3842 Novembris
524 3777 546 3842 J
551 3777 679 3842 ohanni
694 3778 812 3842 comiti
829 3773 1032 3838 transmisit.

194 3975 340 4043 wilm]
356 3979 477 4028 ‘Utinam
495 3993 522 4028 sc
540 3978 620 4026 solum
646 3977 775 4038 ventry‚in
784 3973 868 4022 which
880 3973 922 4022 the
933 3970 1110 4021 chancelloris

159 4049 314 4098 sacerdotem
326 4053 353 4098 et
368 4063 418 4097 non
437 4049 521 4111 ipsum
538 4062 622 4096 sacer·
646 4041 1111 4105 called‘virsapienaamabilisgene·

156 4120 254 4167 dotium
263 4119 443 4180 inquinasset?
460 4118 523 4168 ibid.
532 4121 621 4178 paul.
647 4115 901 4175 rosus,beuiguus,et
909 4112 1017 4170 mitis,et
1025 4112 1050 4159 in
1058 4126 1110 4160 om·

193 4181 374 4257 'Habcretur.]
394 4189 442 4237 See
457 4188 499 4237 the
511 4188 584 4236 letter
596 4187 625 4236 oi
647 4200 691 4235 nes
700 4183 863 4233 liberalitates
874 4183 970 4230 effusus
980 4181 996 4239 ;'
1013 4196 1039 4243 p.
1049 4186 1106 4230 766.

158 4257 270 4308 Petcroi
278 4257 432 4308 Bloistotbe
440 4257 530 4319 blshop
538 4255 567 4305 oi
572 4257 621 4306 Co·
682 4253 790 4305 ⁸Eodem
796 4250 879 4312 unna]
902 4252 1003 4313 Diceto,
1013 4266 1040 4314 p.
1050 4255 1108 4302 666.
