2970 5016
452 490 592 538 rncnus
616 490 883 539 nrsronraaun.
1076 477 1143 540 ³79

191 647 269 710 wiei
292 664 441 709 vacuum
473 646 646 728 reperiens
674 664 756 708 suos
785 639 966 725 limposuit
995 644 1279 727 illasquernnrn.

190 745 349 826 regiones
382 762 501 807 omnes
529 746 594 806 sub
624 743 754 807 tributo
780 743 981 822 constituit;
1013 745 1057 807 ad
1079 745 1145 808 vil·

193 843 262 905 lam
283 861 421 925 quoque
438 843 480 905 de
500 841 574 904 Len
600 841 791 904 exercitum
814 840 981 922 grandem
1003 844 1144 907 mittens

193 960 270 1004 eam
286 941 503 1022 subjugavit,
518 941 681 1020 civesque
699 940 858 1020 captivos
872 939 952 1002 inde
969 940 1144 1004 abducens

194 1039 238 1103 ad
262 1057 405 1120 gravem
425 1057 485 1102 eos
509 1038 776 1119 redemptionem
793 1039 928 1118 coegit;
952 1057 1021 1119 qno
1039 1038 1144 1116 sacto,

195 1137 323 1200 Franci
346 1157 425 1200 cum
446 1135 565 1217 praeda
590 1143 626 1199 et
649 1135 769 1217 spoliis
795 1136 982 1199 innumeris
1008 1137 1144 1200 Londo-

195 1236 271 1298 uias
293 1243 375 1299 sunt
398 1235 538 1298 reversi.
583 1234 757 1298 Veniente
779 1234 904 1296 ibidem
922 1235 965 1297 ad
985 1235 1145 1299 Lodowi·

195 1352 273 1398 curn
289 1333 469 1397 Gileberto
486 1332 528 1395 de
544 1331 652 1409 Gant,
672 1332 856 1394 comitatus
880 1332 1070 1396 Lincolniae
1091 1334 1145 1414 ip·

195 1451 272 1495 sum
289 1431 406 1513 gladio
423 1430 566 1494 donavit
581 1450 591 1509 ;
621 1446 721 1512 quern
736 1430 894 1511 protinus
910 1430 992 1494 illuc
1007 1430 1144 1506 direxit,

195 1538 235 1593 ut
264 1531 473 1611 irruptiones
502 1536 694 1592 castrorum
726 1527 769 1591 de
799 1527 1012 1609 Notingham
1042 1530 1146 1592 etde

199 1627 345 1692 Newerc
377 1628 587 1708 reprimeret,
611 1646 690 1708 quae
723 1645 842 1690 omnes
864 1628 1030 1691 baronum
1054 1626 1146 1690 aedes

196 1745 238 1791 ac
253 1726 373 1790 domos
396 1726 683 1808 incomparabiles
705 1725 741 1786 in
765 1724 890 1788 tinibus
912 1725 982 1789 illis
1002 1744 1146 1790 succen-

198 1825 319 1889 derant
341 1834 377 1889 et
396 1833 506 1889 terras
529 1844 646 1888 eorum
670 1825 705 1886 in
729 1841 794 1885 sua
818 1825 1031 1904 proprietate
1055 1843 1146 1888 rece-

196 1931 332 2006 perant.
384 1923 465 2002 Quo
483 1924 603 2004 utique
626 1930 781 2003 tempore
800 1921 975 1985 Rcbertus
993 1922 1038 1984 de
1059 1921 1146 1997 Ros,

200 2022 326 2086 Petrus
348 2022 391 2085 de
418 2023 510 2085 Brus
532 2030 568 2084 et
592 2019 787 2084 Richardus
815 2020 858 2082 de
888 2020 990 2083 Perci
1014 2021 1146 2084 Ebora·

198 2140 276 2185 cum
300 2139 378 2208 cum
405 2127 482 2184 tota
502 2119 681 2202 provincia
700 2117 885 2182 Lodowico
905 2118 1147 2202 subjecerunt3

199 2218 398 2282 Gilebertns
428 2219 470 2281 de
503 2217 600 2281 Gant
632 2226 666 2282 et
696 2216 871 2281 Robertus
902 2216 945 2281 de
977 2217 1149 2299 Roppelle

199 2318 319 2379 urbem
345 2315 532 2380 Lincolniae
559 2322 723 2397 ceperunt
746 2325 781 2377 et
800 2316 1013 2396 provinciam
1041 2315 1149 2390 illam,

200 2421 328 2496 praeter
341 2414 532 2490 castellum,
547 2419 656 2477 totam
677 2414 741 2474 sub
763 2430 879 2473 annuo
900 2430 1005 2475 censu
1024 2432 1149 2493 posue·

200 2518 295 2588 runt,
317 2511 439 2574 deinde
464 2511 690 2575 Hollaadiarn
722 2509 924 2573 invadentes
953 2509 1151 2590 spoliabant

202 2630 279 2673 eam
299 2619 335 2674 et
357 2610 423 2672 sibi
443 2610 659 2673 tributariam
677 2608 858 2686 lecerunt;
882 2626 944 2670 rex
970 2607 1151 2672 Scotorum

203 2706 588 2771 Northanhumbrorum
613 2708 829 2787 provinciam
857 2705 1044 2770 Lcdowico
1067 2708 1149 2769 sub·

198 2807 337 2889 jugavit
366 2812 489 2879 totam,
523 2810 650 2884 praeter
680 2804 824 2867 castella
854 2820 932 2885 quae
968 2804 1077 2884 Hugo
1106 2803 1151 2867 de

205 2904 333 2967 Baillul
359 2911 395 2966 et
418 2900 602 2984 Philippus
627 2902 669 2964 de
701 2901 892 2965 Hulecctes
921 2908 1049 2966 contra.
1070 2903 1150 2966 hos·

204 3003 289 3065 tium
318 3001 531 3063 incursiones
556 3000 792 3063 strenuissime
818 2999 1066 3080 defendebant3
1097 3001 1152 3064 har

203 3107 317 3163 autem
333 3116 451 3163 omnes
467 3098 654 3179 provinciae
669 3097 854 3163 Lodowico
872 3099 1038 3183 subjectae
1053 3107 1153 3163 erant

202 3206 239 3261 et
249 3199 390 3281 jurate.
448 3197 578 3260 Eodem
593 3205 748 3278 tempore
762 3196 867 3260 walo
883 3197 1020 3276 legatus
1035 3199 1153 3279 exegit

204 3296 464 3378 procurationes
500 3314 561 3377 per
591 3303 701 3359 totam
726 3293 893 3375 Angliam
922 3295 966 3356 ab
997 3295 1153 3359 ecclesiis

205 3394 461 3459 cathedralibus
484 3400 521 3457 et
547 3393 705 3457 domibus
733 3393 917 3475 religiosis,
943 3413 1007 3474 pro
1032 3394 1151 3475 siugu-

205 3494 247 3557 lis
267 3493 399 3558 scilicet
414 3492 715 3575 procurationibus
729 3491 982 3575 quinquaginta
997 3491 1126 3556 solidos
1139 3510 1149 3571 3

204 3592 322 3656 omnia
338 3592 443 3655 etiam
463 3590 632 3655 beneficia
645 3592 847 3655 clericorum
860 3591 991 3672 pariter
1009 3610 1051 3653 ac
1064 3592 1153 3653 viro·

203 3711 281 3753 rum
310 3689 562 3771 religiosorum,
595 3691 655 3771 qui
687 3690 872 3754 Lodowico
904 3696 940 3752 et
966 3689 1153 3752 baronibus

123 3810 125 3814 “
206 3790 388 3865 auxilium,
411 3789 607 3865 consilium,
633 3788 690 3852 rel
721 3789 875 3853 savorem
902 3787 1154 3871 impenderant,

202 3889 448 3969 sequestrarit,
471 3906 550 3970 quae
578 3888 694 3951 omnia
717 3888 754 3949 in
784 3906 866 3951 suos
893 3893 929 3949 et
953 3887 1155 3950 clericorum

204 4007 345 4051 suorum
360 3999 443 4049 usus
458 3987 642 4050 convertit.

241 4160 401 4229 ¹lmporsit,]
413 4160 611 4223 ‘Tironemque
623 4161 667 4221 qui
694 4161 720 4208 id
733 4164 772 4209 est
778 4159 880 4209 fratrem
891 4160 1011 4222 lingonis
1018 4162 1050 4210 de
1059 4161 1156 4222 Burgo,

205 4233 232 4280 la
241 4230 286 4281 llio
295 4232 347 4281 l'ult
362 4231 515 4281 castellanus
526 4231 558 4280 de
571 4228 667 4292 Burgo,
680 4229 830 4292 'lugientem
843 4228 1030 4291 comprehendit
1039 4231 1056 4291 ;’
1073 4230 1157 4279 Paris.
