<?xml version="1.0" encoding="UTF-8"?>
<!DOCTYPE html PUBLIC "-//W3C//DTD XHTML 1.0 Transitional//EN"
    "http://www.w3.org/TR/xhtml1/DTD/xhtml1-transitional.dtd">
<html xmlns="http://www.w3.org/1999/xhtml" xml:lang="en" lang="en">
 <head>
  <title>
</title>
<meta http-equiv="Content-Type" content="text/html;charset=utf-8" />
  <meta name='ocr-system' content='tesseract 3.04.00' />
  <meta name='ocr-capabilities' content='ocr_page ocr_carea ocr_par ocr_line ocrx_word'/>
</head>
<body>
  <div class='ocr_page' id='page_1' title='image "./rogeridewendove08rogegoog_0321.png"; bbox 0 0 2970 5016; ppageno 0'>
   <div class='ocr_carea' id='block_1_1' title="bbox 347 458 1041 523">
    <p class='ocr_par' dir='ltr' id='par_1_1' title="bbox 347 458 1041 523">
     <span class='ocr_line' id='line_1_1' title="bbox 347 458 1041 523; baseline 0 -1"><span class='ocrx_word' id='word_1_1' title='bbox 347 458 413 522; x_wconf 78' lang='lat'><strong>312</strong></span> <span class='ocrx_word' id='word_1_2' title='bbox 604 474 738 523; x_wconf 78' lang='lat' dir='ltr'><strong>nonum</strong></span> <span class='ocrx_word' id='word_1_3' title='bbox 762 476 810 523; x_wconf 84' lang='lat' dir='ltr'><strong>nn</strong></span> <span class='ocrx_word' id='word_1_4' title='bbox 832 475 1041 523; x_wconf 81' lang='lat' dir='ltr'><strong>wannovnn</strong></span> 
     </span>
    </p>
   </div>
   <div class='ocr_carea' id='block_1_2' title="bbox 188 630 1306 4270">
    <p class='ocr_par' dir='ltr' id='par_1_2' title="bbox 188 630 1306 4270">
     <span class='ocr_line' id='line_1_2' title="bbox 188 630 1300 732; baseline 0 -40"><span class='ocrx_word' id='word_1_5' title='bbox 188 643 312 732; x_wconf 41' lang='lat'><strong>32:²32·</strong></span> <span class='ocrx_word' id='word_1_6' title='bbox 351 631 399 715; x_wconf 91' lang='lat' dir='ltr'><strong>pi,</strong></span> <span class='ocrx_word' id='word_1_7' title='bbox 421 631 586 714; x_wconf 79' lang='lat' dir='ltr'><strong>episcopi,</strong></span> <span class='ocrx_word' id='word_1_8' title='bbox 609 633 766 708; x_wconf 88' lang='lat' dir='ltr'><strong>abbates,</strong></span> <span class='ocrx_word' id='word_1_9' title='bbox 791 632 935 715; x_wconf 80' lang='lat' dir='ltr'>priores,</span> <span class='ocrx_word' id='word_1_10' title='bbox 959 630 1115 707; x_wconf 83' lang='lat' dir='ltr'><strong>comites,</strong></span> <span class='ocrx_word' id='word_1_11' title='bbox 1140 630 1300 704; x_wconf 87' lang='lat' dir='ltr'><strong>barones,</strong></span> 
     </span>
     <span class='ocr_line' id='line_1_3' title="bbox 189 728 1301 812; baseline 0 -22"><span class='ocrx_word' id='word_1_12' title='bbox 189 743 275 783; x_wconf 66' lang='lat' dir='ltr'><strong>rm</strong></span> <span class='ocrx_word' id='word_1_13' title='bbox 351 729 479 792; x_wconf 81' lang='lat' dir='ltr'><strong>milites</strong></span> <span class='ocrx_word' id='word_1_14' title='bbox 507 738 544 794; x_wconf 90' lang='lat' dir='ltr'><strong>et</strong></span> <span class='ocrx_word' id='word_1_15' title='bbox 566 730 672 794; x_wconf 88' lang='lat' dir='ltr'><strong>libere</strong></span> <span class='ocrx_word' id='word_1_16' title='bbox 691 738 860 809; x_wconf 89' lang='lat' dir='ltr'><strong>tenentes,</strong></span> <span class='ocrx_word' id='word_1_17' title='bbox 881 729 943 812; x_wconf 92' lang='lat' dir='ltr'><strong>qni</strong></span> <span class='ocrx_word' id='word_1_18' title='bbox 966 732 1090 794; x_wconf 87' lang='lat' dir='ltr'><strong>boscos</strong></span> <span class='ocrx_word' id='word_1_19' title='bbox 1115 728 1249 793; x_wconf 87' lang='lat' dir='ltr'><strong>habent</strong></span> <span class='ocrx_word' id='word_1_20' title='bbox 1266 729 1301 790; x_wconf 89' lang='lat' dir='ltr'><strong>in</strong></span> 
     </span>
     <span class='ocr_line' id='line_1_4' title="bbox 351 827 1303 906; baseline -0.001 -16"><span class='ocrx_word' id='word_1_21' title='bbox 351 827 493 906; x_wconf 84' lang='lat' dir='ltr'><strong>foresta,</strong></span> <span class='ocrx_word' id='word_1_22' title='bbox 515 828 666 894; x_wconf 76' lang='lat' dir='ltr'><strong>habeant</strong></span> <span class='ocrx_word' id='word_1_23' title='bbox 680 831 804 894; x_wconf 90' lang='lat' dir='ltr'><strong>boscos</strong></span> <span class='ocrx_word' id='word_1_24' title='bbox 820 849 902 894; x_wconf 90' lang='lat' dir='ltr'><strong>suos</strong></span> <span class='ocrx_word' id='word_1_25' title='bbox 924 830 1015 893; x_wconf 90' lang='lat' dir='ltr'><strong>sicut</strong></span> <span class='ocrx_word' id='word_1_26' title='bbox 1029 847 1090 892; x_wconf 92' lang='lat' dir='ltr'><strong>eos</strong></span> <span class='ocrx_word' id='word_1_27' title='bbox 1107 827 1303 891; x_wconf 88' lang='lat' dir='ltr'><strong>babuerunt</strong></span> 
     </span>
     <span class='ocr_line' id='line_1_5' title="bbox 354 925 1303 1011; baseline -0.001 -22"><span class='ocrx_word' id='word_1_28' title='bbox 354 934 507 1008; x_wconf 89' lang='lat' dir='ltr'><strong>tempore</strong></span> <span class='ocrx_word' id='word_1_29' title='bbox 528 928 645 1010; x_wconf 84' lang='lat' dir='ltr'><strong>primae</strong></span> <span class='ocrx_word' id='word_1_30' title='bbox 665 929 900 994; x_wconf 77' lang='lat' dir='ltr'><strong>coronationis</strong></span> <span class='ocrx_word' id='word_1_31' title='bbox 917 926 1074 1011; x_wconf 84' lang='lat' dir='ltr'><strong>praedicti</strong></span> <span class='ocrx_word' id='word_1_32' title='bbox 1093 927 1189 1008; x_wconf 82' lang='lat' dir='ltr'><strong>regis</strong></span> <span class='ocrx_word' id='word_1_33' title='bbox 1207 925 1303 989; x_wconf 90' lang='lat' dir='ltr'><strong>Hen-</strong></span> 
     </span>
     <span class='ocr_line' id='line_1_6' title="bbox 353 1025 1303 1108; baseline 0 -20"><span class='ocrx_word' id='word_1_34' title='bbox 353 1025 415 1089; x_wconf 85' lang='lat' dir='ltr'><strong>rici</strong></span> <span class='ocrx_word' id='word_1_35' title='bbox 444 1027 502 1090; x_wconf 88' lang='lat' dir='ltr'><strong>avi</strong></span> <span class='ocrx_word' id='word_1_36' title='bbox 530 1027 651 1103; x_wconf 84' lang='lat' dir='ltr'><strong>nostri,</strong></span> <span class='ocrx_word' id='word_1_37' title='bbox 687 1029 739 1092; x_wconf 90' lang='lat' dir='ltr'><strong>ita</strong></span> <span class='ocrx_word' id='word_1_38' title='bbox 764 1028 857 1108; x_wconf 86' lang='lat' dir='ltr'><strong>quod</strong></span> <span class='ocrx_word' id='word_1_39' title='bbox 885 1027 994 1108; x_wconf 86' lang='lat' dir='ltr'><strong>quieti</strong></span> <span class='ocrx_word' id='word_1_40' title='bbox 1021 1026 1155 1089; x_wconf 89' lang='lat' dir='ltr'><strong>sintin</strong></span> <span class='ocrx_word' id='word_1_41' title='bbox 1184 1044 1303 1108; x_wconf 87' lang='lat' dir='ltr'><strong>perpe·</strong></span> 
     </span>
     <span class='ocr_line' id='line_1_7' title="bbox 355 1125 1304 1209; baseline 0.001 -23"><span class='ocrx_word' id='word_1_42' title='bbox 355 1132 453 1187; x_wconf 89' lang='lat' dir='ltr'><strong>tuum</strong></span> <span class='ocrx_word' id='word_1_43' title='bbox 476 1125 519 1188; x_wconf 91' lang='lat' dir='ltr'><strong>de</strong></span> <span class='ocrx_word' id='word_1_44' title='bbox 542 1126 701 1189; x_wconf 89' lang='lat' dir='ltr'><strong>omnibus</strong></span> <span class='ocrx_word' id='word_1_45' title='bbox 727 1127 971 1209; x_wconf 90' lang='lat' dir='ltr'><strong>purpresturis,</strong></span> <span class='ocrx_word' id='word_1_46' title='bbox 994 1125 1105 1189; x_wconf 89' lang='lat' dir='ltr'><strong>vastis</strong></span> <span class='ocrx_word' id='word_1_47' title='bbox 1131 1131 1169 1188; x_wconf 91' lang='lat' dir='ltr'><strong>et</strong></span> <span class='ocrx_word' id='word_1_48' title='bbox 1191 1142 1304 1187; x_wconf 87' lang='lat' dir='ltr'><strong>assar-</strong></span> 
     </span>
     <span class='ocr_line' id='line_1_8' title="bbox 356 1222 1303 1307; baseline 0 -22"><span class='ocrx_word' id='word_1_49' title='bbox 356 1222 401 1285; x_wconf 90' lang='lat' dir='ltr'><strong>tis</strong></span> <span class='ocrx_word' id='word_1_50' title='bbox 421 1224 521 1287; x_wconf 80' lang='lat' dir='ltr'><strong>iactis</strong></span> <span class='ocrx_word' id='word_1_51' title='bbox 545 1225 581 1287; x_wconf 91' lang='lat' dir='ltr'><strong>in</strong></span> <span class='ocrx_word' id='word_1_52' title='bbox 602 1225 672 1288; x_wconf 89' lang='lat' dir='ltr'><strong>illis</strong></span> <span class='ocrx_word' id='word_1_53' title='bbox 696 1225 810 1289; x_wconf 89' lang='lat' dir='ltr'><strong>boscis</strong></span> <span class='ocrx_word' id='word_1_54' title='bbox 834 1232 915 1307; x_wconf 87' lang='lat' dir='ltr'><strong>post</strong></span> <span class='ocrx_word' id='word_1_55' title='bbox 933 1223 1016 1287; x_wconf 88' lang='lat' dir='ltr'><strong>illud</strong></span> <span class='ocrx_word' id='word_1_56' title='bbox 1034 1231 1174 1305; x_wconf 88' lang='lat' dir='ltr'><strong>tempus</strong></span> <span class='ocrx_word' id='word_1_57' title='bbox 1194 1240 1303 1304; x_wconf 86' lang='lat' dir='ltr'><strong>usquo</strong></span> 
     </span>
     <span class='ocr_line' id='line_1_9' title="bbox 356 1320 1302 1405; baseline 0.002 -23"><span class='ocrx_word' id='word_1_58' title='bbox 356 1320 401 1383; x_wconf 88' lang='lat' dir='ltr'><strong>ad</strong></span> <span class='ocrx_word' id='word_1_59' title='bbox 422 1321 626 1405; x_wconf 87' lang='lat' dir='ltr'><strong>principium</strong></span> <span class='ocrx_word' id='word_1_60' title='bbox 644 1323 785 1387; x_wconf 89' lang='lat' dir='ltr'><strong>secundi</strong></span> <span class='ocrx_word' id='word_1_61' title='bbox 802 1323 891 1387; x_wconf 26' lang='lat' dir='ltr'><strong>anni,</strong></span> <span class='ocrx_word' id='word_1_62' title='bbox 902 1323 1135 1389; x_wconf 84' lang='lat' dir='ltr'><strong>coronationis</strong></span> <span class='ocrx_word' id='word_1_63' title='bbox 1153 1329 1302 1399; x_wconf 82' lang='lat' dir='ltr'><strong>uostrae3</strong></span> 
     </span>
     <span class='ocr_line' id='line_1_10' title="bbox 356 1420 1303 1505; baseline 0.001 -23"><span class='ocrx_word' id='word_1_64' title='bbox 356 1426 404 1496; x_wconf 89' lang='lat' dir='ltr'><strong>et,</strong></span> <span class='ocrx_word' id='word_1_65' title='bbox 424 1420 484 1502; x_wconf 93' lang='lat' dir='ltr'><strong>qui</strong></span> <span class='ocrx_word' id='word_1_66' title='bbox 508 1421 551 1485; x_wconf 87' lang='lat' dir='ltr'><strong>de</strong></span> <span class='ocrx_word' id='word_1_67' title='bbox 575 1431 701 1488; x_wconf 85' lang='lat' dir='ltr'><strong>caetero</strong></span> <span class='ocrx_word' id='word_1_68' title='bbox 721 1435 870 1498; x_wconf 87' lang='lat' dir='ltr'><strong>vastum,</strong></span> <span class='ocrx_word' id='word_1_69' title='bbox 892 1428 1152 1505; x_wconf 89' lang='lat' dir='ltr'><strong>purpresturam</strong></span> <span class='ocrx_word' id='word_1_70' title='bbox 1173 1421 1229 1483; x_wconf 86' lang='lat' dir='ltr'><strong>vel</strong></span> <span class='ocrx_word' id='word_1_71' title='bbox 1252 1440 1303 1483; x_wconf 78' lang='lat' dir='ltr'><strong>es·</strong></span> 
     </span>
     <span class='ocr_line' id='line_1_11' title="bbox 356 1519 1302 1594; baseline 0.001 -14"><span class='ocrx_word' id='word_1_72' title='bbox 356 1527 487 1582; x_wconf 90' lang='lat' dir='ltr'><strong>sartum</strong></span> <span class='ocrx_word' id='word_1_73' title='bbox 506 1520 633 1584; x_wconf 87' lang='lat' dir='ltr'><strong>facient</strong></span> <span class='ocrx_word' id='word_1_74' title='bbox 649 1523 723 1586; x_wconf 89' lang='lat' dir='ltr'><strong>sino</strong></span> <span class='ocrx_word' id='word_1_75' title='bbox 739 1522 879 1585; x_wconf 88' lang='lat' dir='ltr'><strong>licentia</strong></span> <span class='ocrx_word' id='word_1_76' title='bbox 897 1529 1017 1585; x_wconf 87' lang='lat' dir='ltr'><strong>nostra</strong></span> <span class='ocrx_word' id='word_1_77' title='bbox 1039 1521 1073 1582; x_wconf 93' lang='lat' dir='ltr'><strong>in</strong></span> <span class='ocrx_word' id='word_1_78' title='bbox 1093 1519 1163 1582; x_wconf 89' lang='lat' dir='ltr'><strong>illis</strong></span> <span class='ocrx_word' id='word_1_79' title='bbox 1179 1519 1302 1594; x_wconf 84' lang='lat' dir='ltr'><strong>boscis,</strong></span> 
     </span>
     <span class='ocr_line' id='line_1_12' title="bbox 355 1616 1303 1702; baseline 0.002 -24"><span class='ocrx_word' id='word_1_80' title='bbox 355 1616 398 1679; x_wconf 91' lang='lat' dir='ltr'><strong>de</strong></span> <span class='ocrx_word' id='word_1_81' title='bbox 426 1619 546 1695; x_wconf 88' lang='lat' dir='ltr'><strong>vastis,</strong></span> <span class='ocrx_word' id='word_1_82' title='bbox 574 1621 805 1702; x_wconf 87' lang='lat' dir='ltr'><strong>purpresturis</strong></span> <span class='ocrx_word' id='word_1_83' title='bbox 833 1628 868 1684; x_wconf 91' lang='lat' dir='ltr'><strong>et</strong></span> <span class='ocrx_word' id='word_1_84' title='bbox 892 1620 1035 1683; x_wconf 83' lang='lat' dir='ltr'><strong>essartis</strong></span> <span class='ocrx_word' id='word_1_85' title='bbox 1061 1618 1303 1701; x_wconf 88' lang='lat' dir='ltr'><strong>respondeant.</strong></span> 
     </span>
     <span class='ocr_line' id='line_1_13' title="bbox 357 1714 1303 1800; baseline 0.001 -22"><span class='ocrx_word' id='word_1_86' title='bbox 357 1714 577 1797; x_wconf 78' lang='lat' dir='ltr'><strong>Regardores</strong></span> <span class='ocrx_word' id='word_1_87' title='bbox 605 1720 713 1783; x_wconf 89' lang='lat' dir='ltr'><strong>nostri</strong></span> <span class='ocrx_word' id='word_1_88' title='bbox 743 1728 825 1783; x_wconf 85' lang='lat' dir='ltr'><strong>eant</strong></span> <span class='ocrx_word' id='word_1_89' title='bbox 846 1738 908 1800; x_wconf 90' lang='lat' dir='ltr'><strong>per</strong></span> <span class='ocrx_word' id='word_1_90' title='bbox 930 1718 1075 1781; x_wconf 76' lang='lat' dir='ltr'><strong>forestas</strong></span> <span class='ocrx_word' id='word_1_91' title='bbox 1104 1717 1147 1780; x_wconf 93' lang='lat' dir='ltr'><strong>ad</strong></span> <span class='ocrx_word' id='word_1_92' title='bbox 1176 1717 1303 1780; x_wconf 75' lang='lat' dir='ltr'><strong>samen·</strong></span> 
     </span>
     <span class='ocr_line' id='line_1_14' title="bbox 355 1814 1301 1898; baseline 0.002 -22"><span class='ocrx_word' id='word_1_93' title='bbox 355 1814 437 1877; x_wconf 90' lang='lat' dir='ltr'><strong>dnm</strong></span> <span class='ocrx_word' id='word_1_94' title='bbox 475 1816 671 1896; x_wconf 84' lang='lat' dir='ltr'><strong>regardum,</strong></span> <span class='ocrx_word' id='word_1_95' title='bbox 708 1818 798 1882; x_wconf 90' lang='lat' dir='ltr'><strong>sicut</strong></span> <span class='ocrx_word' id='word_1_96' title='bbox 827 1818 900 1881; x_wconf 85' lang='lat' dir='ltr'><strong>fieri</strong></span> <span class='ocrx_word' id='word_1_97' title='bbox 938 1817 1119 1881; x_wconf 87' lang='lat' dir='ltr'><strong>consuevit</strong></span> <span class='ocrx_word' id='word_1_98' title='bbox 1148 1822 1301 1898; x_wconf 90' lang='lat' dir='ltr'><strong>tempore</strong></span> 
     </span>
     <span class='ocr_line' id='line_1_15' title="bbox 356 1914 1302 1998; baseline 0.001 -22"><span class='ocrx_word' id='word_1_99' title='bbox 356 1915 476 1993; x_wconf 84' lang='lat' dir='ltr'><strong>primae</strong></span> <span class='ocrx_word' id='word_1_100' title='bbox 504 1917 737 1979; x_wconf 85' lang='lat' dir='ltr'><strong>coronationis</strong></span> <span class='ocrx_word' id='word_1_101' title='bbox 770 1916 927 1998; x_wconf 83' lang='lat' dir='ltr'><strong>praedicti</strong></span> <span class='ocrx_word' id='word_1_102' title='bbox 952 1916 1044 1997; x_wconf 79' lang='lat' dir='ltr'><strong>regis</strong></span> <span class='ocrx_word' id='word_1_103' title='bbox 1072 1914 1220 1979; x_wconf 89' lang='lat' dir='ltr'><strong>Henrici</strong></span> <span class='ocrx_word' id='word_1_104' title='bbox 1248 1915 1302 1977; x_wconf 85' lang='lat' dir='ltr'><strong>avi</strong></span> 
     </span>
     <span class='ocr_line' id='line_1_16' title="bbox 357 2013 1302 2097; baseline 0.003 -24"><span class='ocrx_word' id='word_1_105' title='bbox 357 2013 479 2088; x_wconf 90' lang='lat' dir='ltr'><strong>nostri,</strong></span> <span class='ocrx_word' id='word_1_106' title='bbox 493 2022 528 2077; x_wconf 88' lang='lat' dir='ltr'><strong>et</strong></span> <span class='ocrx_word' id='word_1_107' title='bbox 543 2033 613 2078; x_wconf 91' lang='lat' dir='ltr'><strong>non</strong></span> <span class='ocrx_word' id='word_1_108' title='bbox 635 2015 745 2078; x_wconf 87' lang='lat' dir='ltr'><strong>aliter.</strong></span> <span class='ocrx_word' id='word_1_109' title='bbox 798 2015 985 2097; x_wconf 90' lang='lat' dir='ltr'><strong>Inquisitio</strong></span> <span class='ocrx_word' id='word_1_110' title='bbox 999 2015 1054 2078; x_wconf 86' lang='lat' dir='ltr'><strong>vel</strong></span> <span class='ocrx_word' id='word_1_111' title='bbox 1069 2014 1166 2077; x_wconf 84' lang='lat' dir='ltr'><strong>visus</strong></span> <span class='ocrx_word' id='word_1_112' title='bbox 1183 2014 1228 2078; x_wconf 87' lang='lat' dir='ltr'><strong>do</strong></span> <span class='ocrx_word' id='word_1_113' title='bbox 1244 2032 1302 2077; x_wconf 84' lang='lat' dir='ltr'><strong>ex-</strong></span> 
     </span>
     <span class='ocr_line' id='line_1_17' title="bbox 356 2109 1303 2190; baseline 0.004 -19"><span class='ocrx_word' id='word_1_114' title='bbox 356 2109 567 2190; x_wconf 88' lang='lat' dir='ltr'><strong>peditatione</strong></span> <span class='ocrx_word' id='word_1_115' title='bbox 587 2132 710 2176; x_wconf 89' lang='lat' dir='ltr'><strong>canum</strong></span> <span class='ocrx_word' id='word_1_116' title='bbox 730 2114 952 2178; x_wconf 80' lang='lat' dir='ltr'><strong>existentium</strong></span> <span class='ocrx_word' id='word_1_117' title='bbox 975 2115 1011 2177; x_wconf 92' lang='lat' dir='ltr'><strong>in</strong></span> <span class='ocrx_word' id='word_1_118' title='bbox 1028 2114 1158 2176; x_wconf 76' lang='lat' dir='ltr'><strong>foresta</strong></span> <span class='ocrx_word' id='word_1_119' title='bbox 1174 2111 1220 2175; x_wconf 90' lang='lat' dir='ltr'><strong>de</strong></span> <span class='ocrx_word' id='word_1_120' title='bbox 1240 2131 1303 2176; x_wconf 79' lang='lat' dir='ltr'><strong>cae·</strong></span> 
     </span>
     <span class='ocr_line' id='line_1_18' title="bbox 357 2207 1301 2296; baseline 0.004 -26"><span class='ocrx_word' id='word_1_121' title='bbox 357 2214 430 2271; x_wconf 90' lang='lat' dir='ltr'><strong>tero</strong></span> <span class='ocrx_word' id='word_1_122' title='bbox 449 2207 510 2271; x_wconf 89' lang='lat' dir='ltr'><strong>fiat</strong></span> <span class='ocrx_word' id='word_1_123' title='bbox 525 2211 664 2290; x_wconf 91' lang='lat' dir='ltr'><strong>quaudo</strong></span> <span class='ocrx_word' id='word_1_124' title='bbox 684 2213 757 2275; x_wconf 85' lang='lat' dir='ltr'><strong>fieri</strong></span> <span class='ocrx_word' id='word_1_125' title='bbox 775 2213 877 2277; x_wconf 88' lang='lat' dir='ltr'><strong>debat</strong></span> <span class='ocrx_word' id='word_1_126' title='bbox 895 2214 1090 2296; x_wconf 82' lang='lat' dir='ltr'><strong>regardum,</strong></span> <span class='ocrx_word' id='word_1_127' title='bbox 1112 2210 1248 2275; x_wconf 89' lang='lat' dir='ltr'><strong>scilicet</strong></span> <span class='ocrx_word' id='word_1_128' title='bbox 1262 2211 1301 2274; x_wconf 88' lang='lat' dir='ltr'><strong>de</strong></span> 
     </span>
     <span class='ocr_line' id='line_1_19' title="bbox 357 2306 1303 2392; baseline 0.003 -24"><span class='ocrx_word' id='word_1_129' title='bbox 357 2306 458 2369; x_wconf 87' lang='lat' dir='ltr'><strong>tertio</strong></span> <span class='ocrx_word' id='word_1_130' title='bbox 481 2326 571 2371; x_wconf 91' lang='lat' dir='ltr'><strong>anno</strong></span> <span class='ocrx_word' id='word_1_131' title='bbox 596 2309 632 2372; x_wconf 91' lang='lat' dir='ltr'><strong>in</strong></span> <span class='ocrx_word' id='word_1_132' title='bbox 653 2312 792 2376; x_wconf 86' lang='lat' dir='ltr'><strong>tertium</strong></span> <span class='ocrx_word' id='word_1_133' title='bbox 819 2331 968 2390; x_wconf 87' lang='lat' dir='ltr'><strong>annnm;</strong></span> <span class='ocrx_word' id='word_1_134' title='bbox 997 2318 1032 2376; x_wconf 93' lang='lat' dir='ltr'><strong>et</strong></span> <span class='ocrx_word' id='word_1_135' title='bbox 1051 2318 1135 2374; x_wconf 89' lang='lat' dir='ltr'><strong>tunc</strong></span> <span class='ocrx_word' id='word_1_136' title='bbox 1158 2309 1223 2374; x_wconf 87' lang='lat' dir='ltr'><strong>fiat</strong></span> <span class='ocrx_word' id='word_1_137' title='bbox 1244 2329 1303 2392; x_wconf 90' lang='lat' dir='ltr'><strong>per</strong></span> 
     </span>
     <span class='ocr_line' id='line_1_20' title="bbox 357 2405 1304 2492; baseline 0.004 -25"><span class='ocrx_word' id='word_1_138' title='bbox 357 2405 468 2468; x_wconf 85' lang='lat' dir='ltr'><strong>visum</strong></span> <span class='ocrx_word' id='word_1_139' title='bbox 488 2412 523 2469; x_wconf 93' lang='lat' dir='ltr'><strong>et</strong></span> <span class='ocrx_word' id='word_1_140' title='bbox 540 2409 771 2473; x_wconf 89' lang='lat' dir='ltr'><strong>testimoninm</strong></span> <span class='ocrx_word' id='word_1_141' title='bbox 794 2410 958 2492; x_wconf 80' lang='lat' dir='ltr'><strong>legalium</strong></span> <span class='ocrx_word' id='word_1_142' title='bbox 978 2411 1166 2486; x_wconf 92' lang='lat' dir='ltr'><strong>hominum,</strong></span> <span class='ocrx_word' id='word_1_143' title='bbox 1183 2417 1221 2473; x_wconf 89' lang='lat' dir='ltr'><strong>et</strong></span> <span class='ocrx_word' id='word_1_144' title='bbox 1238 2429 1304 2472; x_wconf 92' lang='lat' dir='ltr'><strong>non</strong></span> 
     </span>
     <span class='ocr_line' id='line_1_21' title="bbox 357 2504 1302 2593; baseline 0.004 -27"><span class='ocrx_word' id='word_1_145' title='bbox 357 2504 481 2583; x_wconf 87' lang='lat' dir='ltr'><strong>aliter;</strong></span> <span class='ocrx_word' id='word_1_146' title='bbox 513 2512 548 2569; x_wconf 89' lang='lat' dir='ltr'><strong>et</strong></span> <span class='ocrx_word' id='word_1_147' title='bbox 570 2507 639 2583; x_wconf 90' lang='lat' dir='ltr'><strong>ille,</strong></span> <span class='ocrx_word' id='word_1_148' title='bbox 664 2508 764 2593; x_wconf 90' lang='lat' dir='ltr'><strong>cujus</strong></span> <span class='ocrx_word' id='word_1_149' title='bbox 790 2511 886 2573; x_wconf 90' lang='lat' dir='ltr'><strong>canis</strong></span> <span class='ocrx_word' id='word_1_150' title='bbox 912 2511 1074 2573; x_wconf 86' lang='lat' dir='ltr'><strong>inventus</strong></span> <span class='ocrx_word' id='word_1_151' title='bbox 1096 2509 1202 2572; x_wconf 82' lang='lat' dir='ltr'><strong>suerit</strong></span> <span class='ocrx_word' id='word_1_152' title='bbox 1224 2517 1302 2571; x_wconf 91' lang='lat' dir='ltr'><strong>tunc</strong></span> 
     </span>
     <span class='ocr_line' id='line_1_22' title="bbox 358 2604 1306 2690; baseline 0.005 -25"><span class='ocrx_word' id='word_1_153' title='bbox 358 2623 427 2666; x_wconf 91' lang='lat' dir='ltr'><strong>non</strong></span> <span class='ocrx_word' id='word_1_154' title='bbox 450 2604 682 2687; x_wconf 87' lang='lat' dir='ltr'><strong>expeditatus,</strong></span> <span class='ocrx_word' id='word_1_155' title='bbox 706 2628 769 2690; x_wconf 93' lang='lat' dir='ltr'><strong>pro</strong></span> <span class='ocrx_word' id='word_1_156' title='bbox 796 2609 1030 2672; x_wconf 91' lang='lat' dir='ltr'><strong>misericordia</strong></span> <span class='ocrx_word' id='word_1_157' title='bbox 1051 2608 1110 2671; x_wconf 88' lang='lat' dir='ltr'><strong>det</strong></span> <span class='ocrx_word' id='word_1_158' title='bbox 1133 2615 1205 2670; x_wconf 89' lang='lat' dir='ltr'><strong>tres</strong></span> <span class='ocrx_word' id='word_1_159' title='bbox 1227 2607 1306 2670; x_wconf 89' lang='lat' dir='ltr'><strong>soli-</strong></span> 
     </span>
     <span class='ocr_line' id='line_1_23' title="bbox 358 2701 1304 2790; baseline 0.005 -26"><span class='ocrx_word' id='word_1_160' title='bbox 358 2701 432 2766; x_wconf 88' lang='lat' dir='ltr'><strong>dos.</strong></span> <span class='ocrx_word' id='word_1_161' title='bbox 479 2703 525 2766; x_wconf 90' lang='lat' dir='ltr'><strong>Et</strong></span> <span class='ocrx_word' id='word_1_162' title='bbox 545 2704 587 2767; x_wconf 90' lang='lat' dir='ltr'><strong>de</strong></span> <span class='ocrx_word' id='word_1_163' title='bbox 609 2714 733 2770; x_wconf 83' lang='lat' dir='ltr'><strong>caetero</strong></span> <span class='ocrx_word' id='word_1_164' title='bbox 757 2707 871 2771; x_wconf 90' lang='lat' dir='ltr'><strong>nullus</strong></span> <span class='ocrx_word' id='word_1_165' title='bbox 894 2708 956 2771; x_wconf 93' lang='lat' dir='ltr'><strong>bos</strong></span> <span class='ocrx_word' id='word_1_166' title='bbox 977 2707 1135 2790; x_wconf 82' lang='lat' dir='ltr'><strong>capiatur</strong></span> <span class='ocrx_word' id='word_1_167' title='bbox 1157 2726 1222 2789; x_wconf 89' lang='lat' dir='ltr'><strong>pro</strong></span> <span class='ocrx_word' id='word_1_168' title='bbox 1245 2726 1304 2769; x_wconf 84' lang='lat' dir='ltr'><strong>ex·</strong></span> 
     </span>
     <span class='ocr_line' id='line_1_24' title="bbox 358 2801 1304 2888; baseline 0.004 -26"><span class='ocrx_word' id='word_1_169' title='bbox 358 2801 593 2882; x_wconf 90' lang='lat' dir='ltr'><strong>peditatione;</strong></span> <span class='ocrx_word' id='word_1_170' title='bbox 630 2805 709 2868; x_wconf 88' lang='lat' dir='ltr'><strong>talis</strong></span> <span class='ocrx_word' id='word_1_171' title='bbox 748 2814 864 2870; x_wconf 87' lang='lat' dir='ltr'><strong>autem</strong></span> <span class='ocrx_word' id='word_1_172' title='bbox 905 2806 1119 2888; x_wconf 86' lang='lat' dir='ltr'><strong>expeditatio</strong></span> <span class='ocrx_word' id='word_1_173' title='bbox 1162 2806 1210 2869; x_wconf 91' lang='lat' dir='ltr'><strong>sit</strong></span> <span class='ocrx_word' id='word_1_174' title='bbox 1246 2824 1304 2885; x_wconf 87' lang='lat' dir='ltr'><strong>per</strong></span> 
     </span>
     <span class='ocr_line' id='line_1_25' title="bbox 358 2901 1304 2990; baseline 0.005 -29"><span class='ocrx_word' id='word_1_175' title='bbox 358 2901 503 2962; x_wconf 89' lang='lat' dir='ltr'><strong>assisam</strong></span> <span class='ocrx_word' id='word_1_176' title='bbox 522 2906 760 2982; x_wconf 87' lang='lat' dir='ltr'><strong>communiter,</strong></span> <span class='ocrx_word' id='word_1_177' title='bbox 777 2906 868 2990; x_wconf 89' lang='lat' dir='ltr'><strong>quod</strong></span> <span class='ocrx_word' id='word_1_178' title='bbox 885 2912 955 2969; x_wconf 88' lang='lat' dir='ltr'><strong>tres</strong></span> <span class='ocrx_word' id='word_1_179' title='bbox 974 2905 1080 2968; x_wconf 87' lang='lat' dir='ltr'><strong>ortilli</strong></span> <span class='ocrx_word' id='word_1_180' title='bbox 1100 2904 1304 2968; x_wconf 88' lang='lat' dir='ltr'><strong>abscindan-</strong></span> 
     </span>
     <span class='ocr_line' id='line_1_26' title="bbox 358 2999 1304 3086; baseline 0.007 -27"><span class='ocrx_word' id='word_1_181' title='bbox 358 3005 415 3060; x_wconf 92' lang='lat' dir='ltr'><strong>tur</strong></span> <span class='ocrx_word' id='word_1_182' title='bbox 439 2999 482 3061; x_wconf 91' lang='lat' dir='ltr'><strong>de</strong></span> <span class='ocrx_word' id='word_1_183' title='bbox 506 3000 593 3081; x_wconf 89' lang='lat' dir='ltr'><strong>pede</strong></span> <span class='ocrx_word' id='word_1_184' title='bbox 620 3005 782 3066; x_wconf 90' lang='lat' dir='ltr'><strong>anteriori</strong></span> <span class='ocrx_word' id='word_1_185' title='bbox 811 3005 883 3067; x_wconf 89' lang='lat' dir='ltr'><strong>sine</strong></span> <span class='ocrx_word' id='word_1_186' title='bbox 911 3005 1038 3086; x_wconf 88' lang='lat' dir='ltr'><strong>pelota.</strong></span> <span class='ocrx_word' id='word_1_187' title='bbox 1092 3003 1174 3066; x_wconf 92' lang='lat' dir='ltr'><strong>Non</strong></span> <span class='ocrx_word' id='word_1_188' title='bbox 1200 3022 1304 3084; x_wconf 83' lang='lat' dir='ltr'><strong>expe-</strong></span> 
     </span>
     <span class='ocr_line' id='line_1_27' title="bbox 357 3095 1303 3184; baseline 0.01 -28"><span class='ocrx_word' id='word_1_189' title='bbox 357 3095 629 3161; x_wconf 89' lang='lat' dir='ltr'><strong>ditenturcanes</strong></span> <span class='ocrx_word' id='word_1_190' title='bbox 646 3101 842 3180; x_wconf 86' lang='lat' dir='ltr'><strong>decaetero,</strong></span> <span class='ocrx_word' id='word_1_191' title='bbox 863 3102 928 3166; x_wconf 90' lang='lat' dir='ltr'><strong>nisi</strong></span> <span class='ocrx_word' id='word_1_192' title='bbox 951 3104 986 3166; x_wconf 91' lang='lat' dir='ltr'><strong>in</strong></span> <span class='ocrx_word' id='word_1_193' title='bbox 1009 3102 1095 3166; x_wconf 92' lang='lat' dir='ltr'><strong>locis</strong></span> <span class='ocrx_word' id='word_1_194' title='bbox 1114 3102 1172 3165; x_wconf 93' lang='lat' dir='ltr'><strong>ubi</strong></span> <span class='ocrx_word' id='word_1_195' title='bbox 1197 3122 1303 3184; x_wconf 85' lang='lat' dir='ltr'><strong>expe·</strong></span> 
     </span>
     <span class='ocr_line' id='line_1_28' title="bbox 357 3192 1303 3284; baseline 0.012 -31"><span class='ocrx_word' id='word_1_196' title='bbox 357 3192 460 3256; x_wconf 90' lang='lat' dir='ltr'><strong>ditari</strong></span> <span class='ocrx_word' id='word_1_197' title='bbox 478 3195 637 3263; x_wconf 88' lang='lat' dir='ltr'><strong>solebant</strong></span> <span class='ocrx_word' id='word_1_198' title='bbox 652 3207 805 3283; x_wconf 89' lang='lat' dir='ltr'><strong>temporo</strong></span> <span class='ocrx_word' id='word_1_199' title='bbox 829 3203 948 3284; x_wconf 84' lang='lat' dir='ltr'><strong>primae</strong></span> <span class='ocrx_word' id='word_1_200' title='bbox 969 3202 1203 3265; x_wconf 85' lang='lat' dir='ltr'><strong>coronationis</strong></span> <span class='ocrx_word' id='word_1_201' title='bbox 1219 3221 1303 3283; x_wconf 68' lang='lat' dir='ltr'><strong>pros</strong></span> 
     </span>
     <span class='ocr_line' id='line_1_29' title="bbox 356 3291 1304 3381; baseline 0.012 -28"><span class='ocrx_word' id='word_1_202' title='bbox 356 3291 439 3355; x_wconf 89' lang='lat' dir='ltr'><strong>dicti</strong></span> <span class='ocrx_word' id='word_1_203' title='bbox 466 3294 611 3360; x_wconf 85' lang='lat' dir='ltr'><strong>Honrici</strong></span> <span class='ocrx_word' id='word_1_204' title='bbox 642 3301 733 3381; x_wconf 84' lang='lat' dir='ltr'><strong>regis</strong></span> <span class='ocrx_word' id='word_1_205' title='bbox 762 3301 819 3364; x_wconf 90' lang='lat' dir='ltr'><strong>avi</strong></span> <span class='ocrx_word' id='word_1_206' title='bbox 846 3301 966 3364; x_wconf 88' lang='lat' dir='ltr'><strong>nostri.</strong></span> <span class='ocrx_word' id='word_1_207' title='bbox 1040 3299 1169 3363; x_wconf 91' lang='lat' dir='ltr'><strong>Nullus</strong></span> <span class='ocrx_word' id='word_1_208' title='bbox 1199 3300 1304 3364; x_wconf 81' lang='lat' dir='ltr'><strong>sores·</strong></span> 
     </span>
     <span class='ocr_line' id='line_1_30' title="bbox 358 3392 1302 3474; baseline 0.011 -21"><span class='ocrx_word' id='word_1_209' title='bbox 358 3392 466 3455; x_wconf 89' lang='lat' dir='ltr'><strong>tarius</strong></span> <span class='ocrx_word' id='word_1_210' title='bbox 490 3396 545 3458; x_wconf 85' lang='lat' dir='ltr'><strong>vel</strong></span> <span class='ocrx_word' id='word_1_211' title='bbox 574 3397 730 3461; x_wconf 78' lang='lat' dir='ltr'><strong>bodellus</strong></span> <span class='ocrx_word' id='word_1_212' title='bbox 756 3399 861 3463; x_wconf 86' lang='lat' dir='ltr'><strong>faciat</strong></span> <span class='ocrx_word' id='word_1_213' title='bbox 884 3400 926 3464; x_wconf 86' lang='lat' dir='ltr'><strong>de</strong></span> <span class='ocrx_word' id='word_1_214' title='bbox 953 3407 1079 3463; x_wconf 85' lang='lat' dir='ltr'><strong>caetero</strong></span> <span class='ocrx_word' id='word_1_215' title='bbox 1107 3399 1302 3474; x_wconf 87' lang='lat' dir='ltr'><strong>scotallum,</strong></span> 
     </span>
     <span class='ocr_line' id='line_1_31' title="bbox 358 3491 1305 3578; baseline 0.01 -26"><span class='ocrx_word' id='word_1_216' title='bbox 358 3491 412 3553; x_wconf 89' lang='lat' dir='ltr'><strong>vel</strong></span> <span class='ocrx_word' id='word_1_217' title='bbox 440 3492 582 3575; x_wconf 83' lang='lat' dir='ltr'><strong>colligat</strong></span> <span class='ocrx_word' id='word_1_218' title='bbox 606 3498 732 3578; x_wconf 81' lang='lat' dir='ltr'><strong>garbas</strong></span> <span class='ocrx_word' id='word_1_219' title='bbox 752 3499 806 3562; x_wconf 89' lang='lat' dir='ltr'><strong>vel</strong></span> <span class='ocrx_word' id='word_1_220' title='bbox 832 3518 977 3563; x_wconf 87' lang='lat' dir='ltr'><strong>avenam</strong></span> <span class='ocrx_word' id='word_1_221' title='bbox 1000 3499 1055 3562; x_wconf 92' lang='lat' dir='ltr'><strong>vel</strong></span> <span class='ocrx_word' id='word_1_222' title='bbox 1076 3498 1219 3561; x_wconf 89' lang='lat' dir='ltr'><strong>bladum</strong></span> <span class='ocrx_word' id='word_1_223' title='bbox 1243 3498 1305 3561; x_wconf 90' lang='lat' dir='ltr'><strong>ali·</strong></span> 
     </span>
     <span class='ocr_line' id='line_1_32' title="bbox 358 3588 1305 3679; baseline 0.008 -28"><span class='ocrx_word' id='word_1_224' title='bbox 358 3588 416 3664; x_wconf 91' lang='lat' dir='ltr'><strong>ud,</strong></span> <span class='ocrx_word' id='word_1_225' title='bbox 435 3591 490 3653; x_wconf 90' lang='lat' dir='ltr'><strong>vel</strong></span> <span class='ocrx_word' id='word_1_226' title='bbox 511 3611 621 3674; x_wconf 82' lang='lat' dir='ltr'><strong>agnos</strong></span> <span class='ocrx_word' id='word_1_227' title='bbox 642 3597 695 3659; x_wconf 87' lang='lat' dir='ltr'><strong>vel</strong></span> <span class='ocrx_word' id='word_1_228' title='bbox 721 3598 902 3678; x_wconf 88' lang='lat' dir='ltr'><strong>porcellos,</strong></span> <span class='ocrx_word' id='word_1_229' title='bbox 924 3617 987 3662; x_wconf 93' lang='lat' dir='ltr'><strong>nec</strong></span> <span class='ocrx_word' id='word_1_230' title='bbox 1006 3598 1157 3679; x_wconf 89' lang='lat' dir='ltr'><strong>aliquam</strong></span> <span class='ocrx_word' id='word_1_231' title='bbox 1182 3598 1305 3661; x_wconf 86' lang='lat' dir='ltr'><strong>collec-</strong></span> 
     </span>
     <span class='ocr_line' id='line_1_33' title="bbox 359 3689 1306 3776; baseline 0.012 -27"><span class='ocrx_word' id='word_1_232' title='bbox 359 3694 428 3750; x_wconf 88' lang='lat' dir='ltr'><strong>tam</strong></span> <span class='ocrx_word' id='word_1_233' title='bbox 454 3689 579 3770; x_wconf 81' lang='lat' dir='ltr'><strong>faciat3</strong></span> <span class='ocrx_word' id='word_1_234' title='bbox 611 3704 646 3757; x_wconf 89' lang='lat' dir='ltr'><strong>et</strong></span> <span class='ocrx_word' id='word_1_235' title='bbox 668 3715 730 3776; x_wconf 90' lang='lat' dir='ltr'><strong>per</strong></span> <span class='ocrx_word' id='word_1_236' title='bbox 752 3697 864 3759; x_wconf 88' lang='lat' dir='ltr'><strong>visum</strong></span> <span class='ocrx_word' id='word_1_237' title='bbox 889 3705 925 3760; x_wconf 93' lang='lat' dir='ltr'><strong>et</strong></span> <span class='ocrx_word' id='word_1_238' title='bbox 946 3705 1200 3760; x_wconf 90' lang='lat' dir='ltr'><strong>sacramentum</strong></span> <span class='ocrx_word' id='word_1_239' title='bbox 1223 3696 1306 3760; x_wconf 89' lang='lat' dir='ltr'><strong>duo·</strong></span> 
     </span>
     <span class='ocr_line' id='line_1_34' title="bbox 357 3785 1304 3876; baseline 0.012 -28"><span class='ocrx_word' id='word_1_240' title='bbox 357 3785 466 3850; x_wconf 87' lang='lat' dir='ltr'><strong>decim</strong></span> <span class='ocrx_word' id='word_1_241' title='bbox 502 3793 737 3871; x_wconf 81' lang='lat' dir='ltr'><strong>regardorum,</strong></span> <span class='ocrx_word' id='word_1_242' title='bbox 773 3796 912 3875; x_wconf 89' lang='lat' dir='ltr'><strong>quando</strong></span> <span class='ocrx_word' id='word_1_243' title='bbox 951 3796 1079 3859; x_wconf 84' lang='lat' dir='ltr'><strong>sacient</strong></span> <span class='ocrx_word' id='word_1_244' title='bbox 1110 3795 1304 3876; x_wconf 83' lang='lat' dir='ltr'><strong>regardum,</strong></span> 
     </span>
     <span class='ocr_line' id='line_1_35' title="bbox 357 3886 1305 3973; baseline 0.014 -27"><span class='ocrx_word' id='word_1_245' title='bbox 357 3894 410 3948; x_wconf 89' lang='lat' dir='ltr'><strong>tot</strong></span> <span class='ocrx_word' id='word_1_246' title='bbox 431 3886 601 3953; x_wconf 85' lang='lat' dir='ltr'><strong>forestarii</strong></span> <span class='ocrx_word' id='word_1_247' title='bbox 621 3902 794 3973; x_wconf 91' lang='lat' dir='ltr'><strong>ponantur</strong></span> <span class='ocrx_word' id='word_1_248' title='bbox 816 3895 860 3958; x_wconf 92' lang='lat' dir='ltr'><strong>ad</strong></span> <span class='ocrx_word' id='word_1_249' title='bbox 881 3895 1027 3958; x_wconf 82' lang='lat' dir='ltr'><strong>forestas</strong></span> <span class='ocrx_word' id='word_1_250' title='bbox 1050 3894 1305 3971; x_wconf 87' lang='lat' dir='ltr'><strong>custodiendas,</strong></span> 
     </span>
     <span class='ocr_line' id='line_1_36' title="bbox 357 3986 1304 4065; baseline 0.012 -19"><span class='ocrx_word' id='word_1_251' title='bbox 357 3993 441 4065; x_wconf 93' lang='lat' dir='ltr'><strong>quot</strong></span> <span class='ocrx_word' id='word_1_252' title='bbox 459 3986 503 4049; x_wconf 90' lang='lat' dir='ltr'><strong>ad</strong></span> <span class='ocrx_word' id='word_1_253' title='bbox 524 3988 602 4053; x_wconf 90' lang='lat' dir='ltr'><strong>illas</strong></span> <span class='ocrx_word' id='word_1_254' title='bbox 624 3993 866 4057; x_wconf 89' lang='lat' dir='ltr'><strong>custodiendas</strong></span> <span class='ocrx_word' id='word_1_255' title='bbox 887 3995 1140 4058; x_wconf 90' lang='lat' dir='ltr'><strong>rationabiliter</strong></span> <span class='ocrx_word' id='word_1_256' title='bbox 1156 3995 1304 4058; x_wconf 87' lang='lat' dir='ltr'><strong>viderint</strong></span> 
     </span>
     <span class='ocr_line' id='line_1_37' title="bbox 356 4083 1306 4158; baseline 0.013 -14"><span class='ocrx_word' id='word_1_257' title='bbox 356 4083 522 4149; x_wconf 86' lang='lat' dir='ltr'><strong>sufficere.</strong></span> <span class='ocrx_word' id='word_1_258' title='bbox 575 4089 719 4153; x_wconf 90' lang='lat' dir='ltr'><strong>Nullum</strong></span> <span class='ocrx_word' id='word_1_259' title='bbox 736 4093 968 4158; x_wconf 86' lang='lat' dir='ltr'><strong>suanimotum</strong></span> <span class='ocrx_word' id='word_1_260' title='bbox 985 4093 1171 4157; x_wconf 85' lang='lat' dir='ltr'><strong>decaetero</strong></span> <span class='ocrx_word' id='word_1_261' title='bbox 1191 4101 1306 4158; x_wconf 87' lang='lat' dir='ltr'><strong>tonea-</strong></span> 
     </span>
     <span class='ocr_line' id='line_1_38' title="bbox 357 4184 1304 4270; baseline 0.015 -28"><span class='ocrx_word' id='word_1_262' title='bbox 357 4184 465 4246; x_wconf 90' lang='lat' dir='ltr'><strong>turin</strong></span> <span class='ocrx_word' id='word_1_263' title='bbox 486 4205 593 4268; x_wconf 81' lang='lat' dir='ltr'><strong>regno</strong></span> <span class='ocrx_word' id='word_1_264' title='bbox 617 4199 746 4266; x_wconf 87' lang='lat' dir='ltr'><strong>nostro,</strong></span> <span class='ocrx_word' id='word_1_265' title='bbox 769 4191 835 4255; x_wconf 91' lang='lat' dir='ltr'><strong>nisi</strong></span> <span class='ocrx_word' id='word_1_266' title='bbox 854 4201 905 4257; x_wconf 89' lang='lat' dir='ltr'><strong>ter</strong></span> <span class='ocrx_word' id='word_1_267' title='bbox 928 4193 963 4255; x_wconf 91' lang='lat' dir='ltr'><strong>in</strong></span> <span class='ocrx_word' id='word_1_268' title='bbox 987 4212 1104 4270; x_wconf 88' lang='lat' dir='ltr'><strong>anno;</strong></span> <span class='ocrx_word' id='word_1_269' title='bbox 1133 4192 1304 4268; x_wconf 89' lang='lat' dir='ltr'><strong>videlicet,</strong></span> 
     </span>
    </p>
   </div>
   <div class='ocr_carea' id='block_1_3' title="bbox 0 0 1497 5016">
    <p class='ocr_par' dir='ltr' id='par_1_3' title="bbox 0 0 1497 5016">
     <span class='ocr_line' id='line_1_39' title="bbox 0 0 1497 5016; baseline 0 0"><span class='ocrx_word' id='word_1_270' title='bbox 0 0 1497 5016; x_wconf 95' lang='lat' dir='ltr'><strong> </strong></span> 
     </span>
    </p>
   </div>
  </div>
 </body>
</html>
