2970 5016
238 829 293 869 Α.Ῑ).
303 830 359 868 ml.

236 877 386 968 13¹5:th

397 446 441 507 50
659 458 792 507 uocaui
817 459 864 505 nn
887 456 1094 506 wnunovnu

558 690 608 755 De
622 689 803 774 turpissimo
820 686 1001 752 macellarii
1016 683 1186 769 dejectum

451 808 591 879 Eodem¹
607 821 773 896 tempore,
792 812 835 875 ad
852 811 1052 874 instantiam
1069 808 1204 873 comitis
1215 805 1238 869 J
1242 805 1350 870 ohan-

400 913 466 990 nis,
485 913 600 977 fratris
617 914 709 994 regis
727 910 877 992 Angliae,
895 915 1130 973 convenerunt
1146 905 1239 989 apud
1262 925 1350 987 pon·

400 1021 469 1076 tem
493 1012 536 1076 de
561 1007 741 1076 ²Loedone
768 1010 857 1074 inter
885 1008 1084 1090 Radingum
1113 1015 1148 1071 et
1171 1004 1349 1070 Windles·

399 1110 513 1188 hores,
540 1111 596 1174 die
623 1110 760 1173 sabbati
787 1109 944 1190 proximo
975 1114 1054 1188 post
1081 1105 1206 1168 festum
1235 1104 1348 1166 sancti

402 1209 596 1286 Michaelis,
625 1209 668 1272 ad
692 1207 900 1289 colloquium
926 1211 1107 1286 magnates
1129 1202 1278 1284 Angliae,
1305 1201 1348 1264 de

400 1310 536 1390 magnis
558 1318 594 1373 et
616 1307 732 1371 arduis
757 1305 849 1387 regis
869 1312 904 1368 et
925 1305 1024 1386 regni
1046 1302 1194 1383 negotiis
1220 1309 1351 1364 tracta-

401 1408 481 1471 turi.
523 1406 566 1470 In
582 1407 734 1470 crastino
750 1412 879 1481 autem,
896 1411 967 1467 tam
982 1401 1259 1483 archiepiscopus
1275 1399 1349 1464 Ro·

400 1505 648 1588 thomagensis,
670 1524 774 1587 quam
791 1503 1019 1567 Eboracensis
1041 1509 1076 1564 et
1097 1498 1250 1582 episcopi
1275 1518 1348 1563 om·

400 1625 474 1682 nes,
499 1605 558 1688 qui
584 1604 676 1687 apud
704 1603 904 1683 Radingum
927 1606 1161 1665 couvenerant
1179 1606 1218 1663 ut
1240 1598 1347 1662 collo·

400 1705 482 1786 quio
509 1705 726 1780 interessent,
749 1720 868 1764 omnes
896 1700 986 1776 illos,
1008 1700 1068 1782 qui
1093 1698 1272 1762 consilium
1291 1697 1346 1760 vel

399 1803 567 1867 auxilium
593 1809 655 1865 aut
683 1800 884 1863 mandatum
912 1797 1078 1862 dederant
1110 1803 1150 1860 ut
1177 1795 1346 1878 archiepi-

398 1919 525 1983 scopus
541 1900 767 1963 Ehoracensis
789 1902 833 1962 ab
860 1897 1005 1962 ecclesia
1021 1895 1274 1972 extraheretur,
1294 1895 1348 1957 in-

398 1997 502 2077 digne
526 2005 745 2074 tractaretur,
769 1998 805 2060 in
825 2016 996 2060 carcerem
1015 1995 1223 2070 truderetur,
1246 1993 1346 2058 terri·

399 2096 514 2160 hiliter·
537 2096 689 2159 candelis
713 2097 866 2160 accensis
888 2094 1285 2169 excommunicaverunt,
1310 2101 1346 2158 et

398 2189 812 2258 nominatim³Albcrtum
830 2196 873 2259 de
890 2193 1044 2257 Marines
1060 2201 1096 2256 et
1105 2192 1347 2256 Alexandrum

399 2291 543 2356 Puintil.
587 2293 723 2357 Deinde
742 2293 798 2356 die
815 2293 923 2357 Lunae
942 2292 1100 2375 proximo
1122 2310 1238 2355 comes
1256 2310 1345 2372 prae-

398 2389 502 2467 satus,
525 2391 608 2474 quia
631 2392 857 2455 cancellarius
876 2392 952 2475 ejus
973 2392 1138 2472 impetum
1157 2390 1345 2466 metuebat,

397 2489 440 2551 ad
459 2509 594 2553 omnem
615 2490 844 2573 suspicionem
865 2489 1064 2565 tollendam,
1083 2490 1119 2553 in
1141 2489 1218 2552 loco
1241 2489 1344 2552 tutis-

396 2588 484 2650 simo
518 2609 626 2671 prope
663 2589 842 2653 castellum
877 2589 920 2652 de
951 2587 1225 2665 Windleshores,
1254 2587 1345 2651 sicut

396 2686 486 2751 idem
504 2688 730 2752 cancellarius
748 2688 908 2769 petierat,
932 2686 976 2749 ad
994 2686 1203 2769 colloquium
1229 2687 1346 2749 venire

396 2788 589 2868 proposuit,
615 2787 708 2850 facta
733 2787 765 2849 ei
788 2788 884 2868 prius
907 2787 1093 2849 securitate
1119 2805 1181 2867 per
1205 2803 1345 2848 manum

396 2884 548 2967 episcopi
565 2884 834 2962 Londoniensis3
861 2885 921 2948 sed
940 2884 1177 2961 cancellarius,
1201 2883 1266 2946 hac
1286 2902 1341 2950 sc·

395 2983 542 3044 curitate
564 3002 632 3046 non
660 2990 855 3060 contentus,
879 2983 1059 3048 confestim
1079 2983 1215 3064 fugiens
1231 2976 1344 3046 *intra

395 3079 518 3140 turrim
541 3078 797 3143 Londoniarnm
818 3100 893 3144 sese
920 3082 1058 3164 recepit.
1111 3080 1264 3145 Audiens
1283 3101 1345 3144 au-

397 3183 467 3238 tem
496 3196 610 3240 comes
639 3177 732 3259 quod
760 3179 898 3260 fugerat
922 3180 1159 3256 cancellarius,
1182 3179 1341 3244 venit'et

395 3272 470 3355 ipse
486 3273 705 3354 Londouias3
732 3277 804 3353 sed,
826 3297 904 3341 cum
928 3280 1061 3360 ingredi
1086 3279 1191 3343 vellet
1217 3279 1341 3342 civita·

396 3379 477 3448 tem,
500 3374 620 3437 obvios
647 3375 768 3439 hahuit
791 3377 907 3458 plures
929 3377 972 3441 de
994 3377 1124 3441 familia
1145 3377 1341 3441 cancellarii

395 3467 537 3536 milites⁵
564 3482 727 3550 armatos
758 3476 818 3557 qui
850 3475 974 3557 gladiis
1003 3477 1133 3540 exertis
1164 3476 1276 3558 ipsum
1306 3485 1341 3540 et

428 3669 536 3721 ¹Eodem
557 3668 692 3742 tempora]
717 3674 771 3722 The
791 3675 855 3724 lacte
881 3676 942 3737 high
953 3677 1015 3726 road
1026 3691 1087 3726 near
1098 3677 1225 3737 Windsor,
1235 3676 1290 3726 that
1300 3678 1342 3726 the

392 3740 521 3803 following
544 3758 639 3804 appear
661 3749 686 3791 to
708 3743 773 3792 have
791 3746 854 3793 been
880 3748 989 3807 meeting
1005 3762 1058 3796 was
1075 3746 1151 3807 held;
1174 3746 1252 3808 Angl.
1271 3749 1342 3797 Sacr.

393 3811 512 3871 guthered
524 3811 613 3872 chiefly
623 3812 684 3860 lrom
694 3813 852 3874 Newhurgh,
879 3815 907 3864 ii.
918 3829 944 3875 p.
957 3819 1013 3865 896.

392 3881 427 3929 iv.
439 3881 452 3941 t
464 3885 504 3940 1⁷,
518 3880 568 3928 and
580 3881 713 3942 Hoveden,
725 3897 750 3942 p.
763 3885 821 3931 7⁰1.
914 3882 1108 3946 'Nomimtiml
1121 3884 1344 3945 meorumnam.

427 3944 576 4016 ’hedm.]
593 3949 647 3998 The
663 3950 855 4011 riveriaoddon,
880 3975 883 3982 ν
913 3951 1001 4002 ⁴lutru
1023 3954 1113 4001 turrim
1134 3954 1342 4016 londoniarum]

392 4017 476 4067 which
503 4019 609 4079 empties
636 4020 707 4068 itseli
732 4020 784 4068 into
812 4019 854 4067 the
878 4021 921 4069 On
931 4023 973 4071 the
985 4023 1028 4071 eth
1039 4022 1068 4070 oi
1076 4022 1196 4073 October.
1270 4014 1277 4029 ’

390 4085 507 4136 Thamee.
544 4088 574 4136 ln
585 4089 628 4136 the
637 4087 682 4137 lile
692 4087 721 4137 οἰ
734 4089 854 4150 Geoffrey
913 4088 1028 4140 ‘Milites
1045 4093 1171 4155 amotae]
1196 4092 1220 4139 Α
1241 4097 1298 4152 part
1315 4091 1345 4140 oi

390 4154 411 4200 it
424 4155 445 4202 is
462 4156 518 4203 said
535 4156 589 4204 that
607 4158 627 4205 it
643 4172 698 4206 was
714 4157 780 4207 niter
793 4159 853 4219 they
878 4160 1072 4208 the-household
1091 4161 1121 4209 ol
1136 4162 1189 4210 earl
1205 4161 1284 4223 John,
1300 4176 1343 4211 ac·

390 4221 441 4271 hod
464 4226 556 4285 passed
578 4225 620 4275 the
639 4227 737 4289 hridge,
758 4243 790 4276 on
810 4227 852 4276 the
878 4230 1163 4294 cordingtoBenedict,
1173 4246 1200 4292 p.
1211 4234 1269 4280 6⁰8.
