2970 5016
390 473 531 522 rnoaus
554 473 824 523 arsroamsuu.
1016 461 1080 525 251

131 624 230 688 nobis
248 626 413 692 debuerat
433 626 597 709 impendi,
619 628 681 691 sed
703 636 827 710 postea
848 629 947 695 nobis
965 629 1219 694 debitarum.

131 744 194 807 pro
220 727 363 790 servitio
392 727 666 808 recompensatio
694 728 876 793 tribuetur.
941 729 1083 794 Statim·

133 844 200 906 que
214 844 347 900 omues,
359 845 447 908 quos
459 827 665 902 detinemus,
682 826 826 890 clericos
840 828 1004 892 faciemus
1020 829 1082 892 ab·

131 922 265 987 solutos
283 924 411 990 dimitti
433 944 474 989 ac
491 924 628 989 restitui
649 924 799 1008 propriae
818 926 983 1005 libertati,
1003 947 1082 991 cum

130 1021 230 1086 laicis
265 1023 325 1104 qui
358 1023 464 1107 hujus
498 1023 679 1088 occasione
714 1025 845 1105 negotii
872 1026 1081 1091 detinentur.

133 1119 369 1185 lucontinenti
398 1142 536 1205 quoque
562 1130 643 1204 post
665 1122 853 1187 adventum
886 1125 991 1202 illius,
1021 1125 1082 1208 qui

131 1239 196 1283 nos
220 1220 321 1285 debet
344 1221 535 1298 absolvere,
561 1220 727 1285 faciemus
750 1222 793 1286 de
815 1230 915 1304 parte
941 1224 1082 1288 restitu-

133 1318 236 1382 tionis
261 1319 456 1386 ablatorum
482 1328 563 1385 octo
585 1320 694 1383 millia
723 1320 887 1385 librarum
916 1322 1081 1404 legalium

131 1418 397 1500 esterlingorum
428 1438 493 1500 pro
522 1418 697 1483 solvendis
732 1419 856 1484 debitis
888 1429 924 1485 et
950 1418 1079 1486 facien·

132 1516 185 1580 dis
210 1520 373 1600 expensis
401 1517 530 1582 nuntiis
561 1517 804 1600 praedictorum
833 1519 1082 1603 archiepiscopi

133 1623 168 1679 et
190 1617 429 1699 episcoporum
454 1625 490 1681 et
511 1617 757 1681 monachorum
781 1616 1081 1683 Cantuariensium

131 1716 315 1797 assignari,
336 1717 412 1780 sine
438 1716 682 1799 impedimento
707 1716 862 1798 quolibet
883 1737 946 1799 per
966 1726 1081 1799 potes·

132 1821 239 1879 tatem
270 1822 426 1879 nostram
453 1816 497 1879 ad
527 1834 587 1880 eos
613 1814 719 1879 libere
746 1814 1019 1893 deferendorum,
1041 1824 1081 1882 ut

132 1914 286 1996 expediti
304 1915 448 1980 veniant
465 1915 501 1978 in
517 1913 683 1996 Angliam
702 1914 891 1979 honorilice
908 1917 1079 1994 revocati3

132 2012 292 2077 videlicet
317 2013 507 2096 Stephano,
534 2013 777 2078 Cantuariensi
808 2014 1078 2097 archiepiscopo,

131 2110 200 2175 duo
222 2112 332 2176 millia
357 2121 393 2177 et
414 2112 623 2196 quingentas
647 2112 765 2187 libras,
789 2112 965 2177 Willelmo
985 2114 1078 2177 Lon·

129 2210 264 2274 diuensi
280 2212 519 2294 septingentas
536 2219 571 2275 et
587 2212 840 2295 quinquaginta
855 2213 973 2290 libras,
990 2213 1079 2277 Eus-

131 2309 247 2374 tachio
277 2311 408 2375 Eliensi
434 2312 674 2393 septingentas
697 2318 733 2375 et
755 2312 1010 2395 quinquaginta
1036 2313 1078 2376 li·

131 2409 223 2486 bras,
237 2409 398 2474 Joceliuo
423 2410 650 2475 Bathoniensi
667 2409 905 2491 septingentas
927 2419 964 2475 et
979 2411 1077 2493 quin·

128 2507 297 2590 quaginta
326 2509 446 2585 libras,
485 2509 646 2573 Huberto
681 2508 915 2573 Lincolniensi
946 2511 1074 2592 septin-

129 2616 254 2688 gentas
276 2615 312 2672 et
334 2609 588 2692 quinquaginta
617 2608 735 2683 libras,
761 2606 867 2688 priori
897 2615 933 2671 et
955 2626 1076 2672 mona·

128 2706 203 2770 chis
229 2708 538 2772 cantuariensibus
566 2707 660 2770 mille
689 2706 819 2785 libras3
848 2714 895 2783 et,
921 2707 1078 2789 protinus

128 2814 313 2889 postquam
335 2826 456 2889 pacem
477 2807 573 2870 illam
595 2806 796 2869 duxerimus
819 2806 1077 2888 acceptandam,

128 2907 299 2986 assignari
330 2906 496 2970 faciemus
527 2907 658 2988 absque
691 2923 789 2968 mora
818 2905 1077 2988 archiepiscopo

128 3013 164 3069 ct
192 3005 375 3088 episcopis,
408 3006 542 3070 clericis
573 3024 614 3070 ac
641 3003 794 3068 ecclesiis
826 3005 1009 3080 universis,
1042 3005 1078 3068 in

128 3105 287 3168 manibus
317 3106 516 3169 nuntiorum
540 3105 595 3169 vel
621 3111 883 3187 procuratorum
910 3104 1077 3186 ipsorum,

128 3203 268 3267 mobilia
283 3205 400 3267 omnia
416 3224 493 3268 cum
512 3203 809 3268 administratione
826 3204 935 3268 libera
952 3224 1076 3268 eorun-

128 3303 219 3380 dem,
239 3311 275 3367 et
294 3304 330 3367 in
353 3322 440 3386 pace
459 3303 598 3368 dimitti.
652 3302 880 3366 Interdictum
898 3323 993 3380 vero,
1008 3304 1075 3367 Ut-

128 3402 261 3483 lagatio
296 3403 487 3485 vulgariter
521 3410 770 3484 nuncupatum,
805 3401 899 3483 quod
929 3403 1076 3483 proponi

128 3501 271 3565 fecimus
302 3510 424 3566 contra
452 3502 704 3566 ecclesiasticas
731 3519 909 3582 personas,
939 3500 1076 3582 publice

128 3602 379 3678 revocabimus
406 3601 630 3683 protestando
660 3619 722 3681 per
750 3606 888 3662 nostras
914 3607 1074 3681 patentes

127 3699 259 3776 literas,
281 3700 541 3783 archiepiscopo
561 3698 773 3775 tribuendas,
794 3698 829 3760 id
851 3697 896 3761 ad
918 3716 982 3761 nos
999 3698 1076 3761 nul·

127 3797 264 3862 latenus
287 3801 470 3881 pertinere,
493 3799 655 3881 quodque
672 3796 757 3860 illud
778 3797 820 3860 de
843 3803 970 3861 caetero
994 3816 1076 3861 con-

128 3905 183 3961 tra
209 3899 461 3963 ecclesiasticas
490 3917 655 3981 personas
683 3896 881 3960 nullatenus
912 3895 1078 3960 faciemus

126 3999 293 4079 proponi;
324 4005 526 4063 revocantes
548 4004 717 4080 praeterea
740 3995 990 4077 utlagationem
1013 3994 1077 4059 lai·

126 4116 245 4160 corum
268 4097 311 4161 ad
338 4098 403 4161 boc
428 4096 600 4180 negotium
625 4095 882 4177 pertinentium,
904 4102 940 4157 et
960 4095 1076 4156 remit-

126 4204 239 4261 tentes
270 4200 386 4262 omnia
416 4218 495 4280 quae
529 4204 609 4279 post
637 4195 855 4258 interdictum
887 4194 1077 4278 recepimus
