2970 5016
454 485 593 533 ruonns
616 485 884 535 rusronrnnuu.
1076 472 1144 537 313

191 644 226 705 in
242 641 412 724 principio
427 640 621 721 quindecim
639 641 771 704 dierum
789 648 869 705 ante
885 642 1009 705 festum
1028 645 1141 707 sancti
1153 659 1277 750 pimp-

193 740 387 815 Michaelis,
413 740 552 821 quando
575 740 785 821 agistatores
805 741 948 804 veniunt
972 741 1017 803 ad
1047 744 1139 824 agis-
1153 761 1238 801 aaa

191 840 333 903 tandum
355 838 545 902 dominicos
566 839 690 902 boscos
711 846 871 918 nostros;
902 847 938 903 et
956 841 1049 904 circa
1072 841 1141 905 fes·

192 946 264 1002 tum
279 937 392 1001 sancti
406 935 564 1013 Martini,
577 936 715 1018 quando
732 939 942 1019 agistatores
959 941 1068 1003 nostri
1083 940 1141 1005 de·

190 1039 273 1101 bent
290 1037 445 1118 accipere
460 1036 672 1118 pannagium
690 1043 862 1115 nostrum;
883 1045 918 1100 et
932 1037 975 1099 ad
993 1037 1062 1102 ista
1073 1038 1142 1103 duo

192 1136 387 1199 suanimota
403 1134 608 1198 convenient
626 1134 809 1211 forestarii,
827 1136 981 1200 viridarii
998 1144 1033 1200 et
1050 1139 1141 1219 agis·

193 1241 336 1309 tatores,
350 1242 386 1296 et
400 1233 514 1295 nullus
531 1233 619 1296 alius
634 1252 696 1314 per
712 1233 973 1299 districtionem.
1014 1235 1058 1299 Et
1072 1244 1141 1300 ter·

193 1334 278 1396 tium
309 1332 542 1395 suanimotum
570 1339 729 1395 teneatur
756 1333 791 1395 in
819 1333 918 1396 initio
946 1334 1141 1417 quindecim

193 1432 324 1494 dierum
353 1437 435 1494 autc
463 1430 589 1493 festum
622 1431 736 1493 sancti
765 1430 937 1494 Johannis
969 1433 1139 1516 Baptistae

193 1550 254 1612 pro
272 1531 461 1594 foenatione
479 1530 665 1593 bestiarum
680 1536 895 1607 nostrarum
921 1540 956 1595 et
973 1530 1017 1594 ad
1034 1533 1139 1596 istum

192 1629 423 1692 suanimotum
458 1629 663 1692 convenient
691 1628 875 1706 forestarii,
907 1629 1073 1707 viridarii,
1104 1639 1140 1696 et

193 1748 259 1791 non
277 1728 336 1791 alii
355 1746 416 1810 per
432 1727 692 1790 districtionem.
746 1727 791 1791 Et
808 1735 976 1810 praeterea
993 1728 1141 1811 singulis

191 1826 423 1909 quadraginta
447 1824 566 1889 diebus
594 1846 656 1908 per
680 1833 792 1889 totum
821 1845 950 1890 annum
976 1830 1140 1892 conveni·

193 1933 252 1988 ent
272 1925 426 1989 viridarii
445 1933 481 1988 et
502 1924 674 1988 forestarii
696 1924 740 1988 ad
762 1924 947 1990 videndum
969 1927 1140 1991 attachie-

193 2032 310 2088 menta
328 2024 370 2088 de
391 2024 532 2101 foresta,
555 2032 626 2088 tam
643 2022 686 2087 de
700 2023 801 2087 viridi
818 2042 922 2106 quam
945 2025 987 2089 de
1004 2028 1141 2090 venati·

193 2142 271 2199 one,
289 2142 351 2206 per
371 2123 673 2204 praesentationem
697 2122 849 2205 ipsorum
872 2124 1141 2203 forestariorum,

193 2229 227 2286 et
250 2241 366 2285 coram
397 2222 482 2303 ipsis
513 2221 755 2285 attachientnr.
822 2222 996 2288 Praedicta
1024 2232 1140 2288 autem

194 2321 390 2384 suanimota
412 2340 481 2384 non
497 2327 692 2396 tencantur,
715 2321 782 2385 nisi
803 2321 839 2384 in
861 2324 1080 2387 comitatibus
1103 2325 1139 2386 in

193 2420 319 2501 quibus
336 2420 443 2483 teneri
466 2426 730 2485 consueverunt.
784 2419 1032 2502 Unusquisque
1052 2422 1141 2485 liber

193 2518 295 2582 homo
315 2519 443 2600 agistet
458 2520 600 2582 boscum
620 2518 771 2582 suumin
788 2517 919 2581 foresta
936 2539 1000 2601 pro
1017 2520 1140 2583 volun·

192 2625 265 2682 tate
288 2636 364 2694 sua,
390 2624 424 2680 et
444 2616 571 2681 habeat
592 2617 806 2701 pannagium
828 2635 940 2689 suum.
1006 2616 1139 2681 Conce-

192 2717 304 2780 dimns
326 2717 443 2793 ctiam,
463 2716 555 2797 quod
574 2716 812 2799 unnsquisque
830 2715 918 2779 liber
938 2715 1040 2779 homo
1057 2736 1139 2799 pos·

191 2816 238 2879 sit
260 2815 384 2878 ducere
411 2834 533 2895 porcos
565 2833 648 2878 suos
675 2833 738 2897 per
763 2814 969 2879 dominicum
996 2816 1139 2880 boscum

194 2922 348 2978 nostrum
368 2914 475 2978 libere
498 2922 533 2977 et
551 2913 626 2976 sina
645 2913 901 2997 impedimento,
923 2921 958 2979 et
978 2914 1022 2978 ad
1045 2913 1138 2995 agis-

192 3013 336 3076 tandnm
356 3032 416 3076 eos
435 3013 470 3075 in
493 3014 605 3076 boscis
625 3014 696 3076 suis
716 3013 876 3097 propriis,
893 3015 950 3077 vel
969 3014 1059 3090 alibi,
1081 3014 1138 3077 ubi

193 3112 361 3191 voluerit;
386 3119 433 3187 et,
448 3112 478 3174 si
501 3114 597 3194 porci
612 3112 759 3195 alicujus
782 3111 880 3176 liberi
903 3113 1049 3177 hominis
1067 3133 1138 3178 una

193 3218 294 3274 nocte
316 3210 596 3292 pernoctaverint
616 3212 652 3273 in
669 3212 798 3274 foresta
821 3220 951 3288 nostra,
968 3233 1037 3276 non
1059 3213 1139 3276 inde

192 3310 442 3386 occasionetnr,
473 3309 524 3392 ita
554 3310 644 3390 quod
676 3309 805 3391 aliquid
835 3310 878 3374 de
910 3330 974 3375 suo
1004 3311 1138 3392 perdat.

194 3408 324 3471 Nullus
355 3408 398 3473 de
429 3416 555 3473 caetero
593 3408 731 3472 amittat
763 3409 870 3472 vitam
899 3410 955 3473 vel
986 3411 1140 3473 membra

193 3527 255 3588 pro
276 3506 458 3571 venatione
478 3519 617 3587 nostra3
641 3508 713 3583 sed,
733 3507 763 3569 si
782 3508 907 3589 aliquis
927 3515 1049 3590 captus
1066 3509 1141 3571 fue-

192 3607 236 3670 rit
253 3614 289 3670 et
306 3607 486 3670 convictus
506 3608 548 3671 de
569 3607 731 3687 captione
755 3608 961 3684 venationis,
984 3608 1141 3688 graviter

193 3705 393 3782 redimatur,
416 3707 447 3768 si
470 3704 596 3770 habeat
617 3705 707 3768 unde
733 3706 853 3768 redimi
880 3707 1013 3788 possit3
1040 3715 1086 3783 et,
1109 3707 1139 3769 si

194 3823 264 3867 non
286 3803 390 3868 habet
410 3804 501 3867 unde
525 3805 644 3868 redimi
666 3804 788 3886 possit,
803 3803 921 3886 jaceat
941 3806 977 3868 in
999 3807 1141 3887 prisona

192 3911 313 3966 nostra
335 3923 546 3985 perannum
568 3924 673 3967 unum
696 3912 732 3967 et
748 3922 855 3966 unum
875 3904 975 3967 diem.
1030 3905 1087 3980 Et,
1110 3904 1141 3967 si

192 4009 271 4083 post
289 4021 416 4066 annum
435 4022 540 4066 unum
557 4010 592 4065 et
607 4003 695 4066 diem
714 4022 821 4065 unum
838 4003 971 4084 plegios
986 4003 1141 4066 iuvenire

193 4102 315 4183 possit,
336 4110 438 4166 excat
456 4121 477 4165 a
498 4102 660 4184 prisona3
684 4102 738 4163 siu
757 4108 884 4178 autem,
907 4102 1043 4184 abjuret
1063 4122 1141 4184 reg·

192 4221 273 4263 num
298 4210 451 4266 nostrum
477 4201 625 4283 Angliae.
672 4199 889 4282 Quicumqnc
914 4202 1142 4285 archicpisco-
