2970 5016
405 491 543 539 ruoans
566 492 835 542 nrsroamauu.
1030 478 1095 543 183

139 646 321 710 castellum
346 647 390 710 de
412 647 550 712 Chinun
576 650 651 731 regi
678 649 890 713 Francorum
915 651 1230 733 invigilias.n.12a.

139 747 253 809 sancti
270 745 443 810 Johannis
463 748 647 831 Baptistae.

180 920 230 984 De
245 931 340 985 nara
352 919 498 998 Haterii,
515 922 751 986 Contrarieaaia
766 920 1002 1006 archiepiscopi,
1018 932 1047 988 et

248 1019 390 1087 elect-im
402 1022 578 1106 supprioris
595 1022 831 1086 Castam-iamir
846 1021 983 1085 occheim.

193 1143 326 1208 Eodem
351 1154 505 1227 tempore
533 1144 727 1223 Hubertus,
750 1146 1010 1211 Cantuariensis
1037 1165 1094 1210 ar-
1107 1164 1209 1204 nerse

141 1242 394 1326 chiepiscopus,
417 1245 509 1327 apud
531 1244 687 1309 Tenham
713 1245 804 1309 diem
827 1245 953 1309 clausit
978 1215 1257 1314 extr0.,¹,{‡¹i¹3,“3⁸s'⁰¹¹'

143 1363 237 1406 mum
259 1343 362 1407 tertio
393 1343 471 1407 idus
493 1344 593 1422 Julii,
623 1363 704 1426 rege
733 1344 917 1407 admodum
942 1317 1243 1426 gaudee-cmm

143 1451 191 1518 te,
208 1443 290 1524 qnia
313 1444 356 1506 de
379 1445 471 1525 regis
496 1444 708 1507 Francorum
732 1444 838 1506 nimia
859 1443 1094 1508 familiaritate

142 1552 324 1623 suspectus
353 1543 557 1607 habebatur.
614 1542 788 1607 Defuncto
816 1543 934 1625 itaque
961 1543 1094 1608 archie-

143 1641 298 1724 piscopo,
329 1651 515 1724 antequam
546 1662 672 1725 corpus
703 1643 779 1726 ejus
808 1643 997 1724 sepulturae
1021 1649 1092 1706 tra-

143 1741 294 1818 deretur,
317 1742 554 1806 adolescentes
578 1742 719 1823 quidam
741 1742 784 1806 de
805 1749 976 1805 conventu
1003 1741 1096 1806 Can-

146 1840 329 1904 tuariensis
343 1841 509 1917 ecclesiae,
524 1835 632 1922 'regis
648 1860 818 1904 consensu
832 1861 900 1904 non
915 1842 1094 1922 requisito,

146 1938 378 2020 Reginaldum
396 1941 611 2023 suppriorem
628 1960 729 2004 suum
747 1939 782 2002 in
798 1939 1092 2023 archiepiscopum

144 2038 335 2120 elegerunt,
361 2046 397 2102 et
416 2039 530 2103 media
548 2039 592 2102 de
614 2047 727 2115 nocte,
747 2047 828 2120 post
852 2038 980 2101 laetam
1005 2039 1095 2103 elec-

145 2138 285 2215 tionem,
313 2138 442 2220 hymno
471 2138 552 2202 ‘Te
579 2138 692 2203 Deum
722 2138 919 2202 laudamus'
941 2145 1095 2215 cantato,

144 2236 241 2318 prius
270 2256 377 2320 supra
407 2239 520 2322 majus
548 2239 659 2302 altare
686 2256 727 2301 ac
754 2238 876 2302 deinde
902 2237 939 2301 in
966 2238 1094 2302 archie-

144 2336 314 2419 piscopali
336 2337 501 2401 cathedra
527 2346 738 2420 posuerunt3
761 2338 972 2402 verebantur
993 2338 1097 2415 enim,

145 2435 250 2518 quod,
279 2437 309 2500 si
342 2437 465 2502 electio
494 2437 568 2500 sine
599 2438 691 2519 regis
718 2456 887 2501 consensu
915 2437 958 2500 ad
987 2437 1097 2519 ipsius

147 2554 249 2598 aures
276 2538 502 2617 pervenisset,
523 2536 598 2619 ipse
620 2556 818 2619 processum
839 2536 968 2616 negotii
990 2536 1098 2618 impe-

146 2635 220 2699 dire
243 2634 430 2714 laboraret,
453 2636 542 2699 unde
572 2644 673 2700 nocte
699 2636 818 2698 eadem
841 2633 931 2697 idem
960 2635 1096 2716 suppri-

147 2754 199 2810 or,
220 2735 378 2816 praestita
400 2736 562 2799 cautione
578 2735 765 2818 juratoria,
784 2733 876 2816 quod
897 2734 970 2797 sine
990 2733 1097 2796 licen·

147 2833 198 2896 tia
222 2840 259 2897 et
283 2835 392 2898 literis
422 2835 628 2916 specialibus
657 2840 849 2897 conventus
882 2851 920 2896 se
950 2832 1097 2896 electum

148 2952 215 2995 non
239 2943 385 3013 gereret,
405 2934 462 2999 vel
480 2934 600 2997 literas
622 2940 814 2997 conventus
836 2932 879 2996 de
900 2939 990 3008 rato,
1010 2951 1098 3014 quas

146 3031 308 3109 habebat,
324 3034 427 3098 alicui
445 3034 692 3115 promulgaret,
713 3033 901 3115 assumptis
924 3052 1041 3096 secum
1055 3031 1098 3096 de

147 3140 319 3196 conventu
350 3133 556 3214 quibusdam
585 3133 777 3210 monachis,
805 3133 935 3196 curiam
966 3132 1098 3196 Roma·

147 3249 228 3293 nam
250 3231 370 3296 adivit.
424 3231 505 3296 Hoc
532 3241 647 3296 autem
674 3239 785 3296 totum
811 3231 940 3295 factum
969 3240 1034 3310 est,
1059 3238 1098 3296 ut

147 3330 272 3394 electio
290 3330 352 3394 illa
373 3351 489 3412 regem
507 3332 632 3396 lateret
648 3332 757 3395 donec
778 3333 965 3414 probarent
979 3332 1010 3394 si
1027 3351 1098 3395 rem

146 3429 343 3494 inchoatam
367 3431 403 3493 in
431 3432 527 3495 curia
557 3431 718 3495 Romana
744 3438 886 3513 possent
913 3429 1100 3512 perducere

148 3529 192 3592 ad
212 3529 383 3594 effectum.
436 3530 504 3593 Sed
526 3530 658 3594 electus
678 3530 857 3612 praesatus,
873 3529 992 3593 statim
1010 3529 1098 3592 utin

150 3628 348 3693 Flandriam
375 3629 612 3712 applicuisset,
638 3636 755 3712 spreto
779 3627 872 3711 quod
896 3627 1024 3691 fecerat
1042 3627 1101 3711 ju·

147 3736 317 3807 ramento,
346 3747 384 3792 se
413 3728 700 3793 Cantuariensem
726 3747 802 3791 esse
832 3728 979 3791 electum
1005 3727 1101 3790 clara

147 3900 232 3967 king’s
242 3906 422 3969 chamberlain,
433 3906 492 3955 who
504 3906 555 3956 had
569 3906 613 3955 de·
676 3905 682 3933 ¹
695 3905 773 3967 Regis
782 3920 895 3954 comeare
905 3919 951 3952 noa
963 3903 1101 3967 requisita]

147 3974 240 4023 iended
252 3976 294 4024 the
311 3976 390 4025 oaslle
402 3975 440 4024 lor
451 3991 467 4024 a
478 3991 548 4038 year,
559 3991 613 4025 was
640 3977 715 4036 Upon
733 3975 775 4024 the
795 3974 863 4035 right
882 3974 989 4022 claimed
1010 3975 1043 4033 by
1060 3973 1101 4022 the

147 4044 217 4093 there
241 4045 329 4106 tahon,
354 4046 401 4094 but
426 4051 470 4094 not
493 4047 556 4095 until
581 4046 613 4094 he
639 4045 757 4106 chapters
775 4043 804 4091 os
819 4043 941 4105 chooring
960 4043 1026 4091 their
1043 4057 1101 4091 own

148 4113 199 4164 had
218 4116 280 4165 been
294 4115 464 4177 dangerously
477 4116 613 4177 wouudod,
640 4115 739 4175 bishop,
758 4113 807 4161 arrd
827 4113 869 4162 the
888 4119 988 4174 pmaent
1005 4117 1102 4162 contro-

147 4184 210 4233 ibid.
229 4201 256 4246 p.
277 4189 340 4247 10³,
364 4200 481 4248 compare
505 4186 611 4249 Rigord,
640 4183 1103 4246 versy‚seel)r.Lingard'aremarlm,

148 4269 174 4315 p.
187 4258 229 4304 ott.
638 4253 700 4304 odit.
712 4257 784 4315 1⁸³⁷,
795 4253 832 4303 iii.
848 4258 886 4302 15.
