2970 5016
399 462 536 510 enonas
565 462 833 511 nisroninnun.
1035 448 1088 513 .17

134 622 217 698 bris,
238 629 277 684 ut
292 620 432 684 domino
447 641 524 685 meo
545 629 580 686 et
597 623 720 686 amico.
757 623 950 686 Statuimus
967 624 1220 698 etiamnunc

135 720 226 803 quod
251 729 395 803 uterque
419 729 573 785 nostrum
601 721 700 785 alteri
724 724 891 785 auxilium
916 723 1031 798 saciet,
1053 725 1084 786 si

135 839 274 884 necesse
296 820 412 897 suerit,
429 820 474 884 ad
490 829 616 885 terram
639 841 737 885 suam
758 821 1018 898 defendendam,
1037 825 1084 885 si-

134 928 194 984 cut
216 920 305 983 ulter
322 927 477 983 nostrum
500 922 673 1003 propriam
698 920 895 985 defenderet
914 930 950 985 et
973 922 1079 986 illiba-

114 1008 118 1016 ’
136 1028 206 1083 tam
223 1012 416 1083 ¹servaret.'
439 1020 592 1083 Comites
604 1027 639 1083 et
652 1022 799 1084 barones
815 1022 992 1103 utriusque
1005 1042 1083 1103 reg-

135 1119 171 1181 ni
188 1120 409 1202 juraverunt,
432 1119 523 1201 quod
548 1139 569 1182 a
591 1119 757 1183 fidelitate
783 1141 903 1201 regum
927 1141 995 1184 non
1016 1122 1082 1184 dis-

132 1218 297 1282 cederent
324 1238 387 1282 nec
417 1238 576 1299 guerram
604 1229 795 1295 moverent,
824 1221 932 1283 donec
959 1220 1001 1283 de
1025 1240 1084 1303 pe·

132 1318 369 1399 -regrinatione
389 1318 564 1394 redierint,
580 1326 615 1381 et
632 1338 693 1399 per
709 1319 783 1381 dies
800 1319 1033 1400 quadraginta
1048 1321 1084 1383 in

137 1419 237 1481 terris
264 1419 338 1481 suis
361 1438 438 1481 cum
466 1437 552 1500 pace
577 1436 708 1481 morum
735 1417 903 1495 fecerint3
936 1428 971 1481 et
994 1420 1083 1482 idem

132 1527 280 1600 uterque
297 1537 415 1598 regum
432 1537 495 1599 pro
515 1536 553 1580 se
572 1517 648 1598 ipso
661 1517 807 1599 juravit.
842 1517 1084 1599 Arcbiepisco·

137 1617 230 1698 piet
254 1617 407 1700 episcopi
430 1617 609 1698 utriusque
632 1617 730 1697 regni
748 1616 968 1699 juraverunt,
991 1619 1084 1699 quod

136 1716 170 1778 in
187 1724 462 1797 transgressores
484 1717 587 1800 hujus
610 1717 703 1799 pacti
722 1717 1086 1781 excommunicationis

136 1814 342 1878 sententiam
361 1816 632 1897 promulgarent.
678 1815 855 1879 statutum
871 1822 925 1879 est
942 1803 1085 1898 praeter-

136 1934 190 1991 ea,
212 1915 318 1996 quod,
341 1915 370 1977 si
400 1915 489 1979 alter
512 1935 631 1996 regum
659 1916 695 1977 in
722 1915 845 1978 itinere
869 1915 1085 1991 decessisset,

137 2014 236 2090 alter,
251 2015 310 2096 qui
326 2015 570 2096 supervixerit,
587 2014 766 2097 pecuniam
784 2013 937 2079 defuncti
953 2022 988 2078 et
1002 2035 1085 2096 gen·

138 2123 191 2176 tes
216 2114 359 2178 baberet
381 2114 426 2178 ad
457 2115 523 2177 Dei
548 2113 725 2177 servitium
752 2112 956 2177 faciendum.
997 2114 1086 2178 Haec

131 2213 341 2278 constitutio
363 2214 453 2276 inter
471 2233 569 2294 reges
593 2213 723 2287 habita,
738 2213 821 2293 quia
842 2213 885 2275 ed
903 2215 1087 2277 terminum

138 2314 319 2394 praelixum
337 2314 443 2375 robur
458 2313 630 2376 firmitatis
645 2312 770 2375 babere
787 2332 856 2375 non
874 2314 1000 2393 potuit,
1017 2314 1086 2376 dis-

141 2412 294 2475 tulerunt
321 2413 497 2493 negotium
524 2430 634 2494 usque
664 2412 709 2474 ad
739 2411 864 2476 festum
895 2413 1088 2491 nativitatis

140 2512 252 2575 sancti
263 2511 286 2575 J
289 2511 436 2575 ohannis
453 2511 636 2592 baptiste,
651 2519 690 2575 ut
703 2512 769 2575 iter
784 2519 855 2575 tam
869 2531 968 2593 reges
985 2531 1088 2594 quem

135 2611 292 2675 universi
310 2630 411 2674 cruce
431 2611 559 2691 signati
580 2610 840 2674 immutabiliter
859 2612 950 2693 apud
968 2605 1089 2674 ²Vize-

141 2710 264 2773 liacum
279 2711 499 2785 conveniant,
516 2710 826 2791 peregrinationem
843 2718 944 2772 terrae
959 2717 1090 2772 sanctae

140 2810 323 2891 expleturi.
368 2809 431 2873 ‘Si
453 2810 512 2890 qui
535 2817 650 2872 autem
671 2816 792 2871 contra
816 2807 905 2871 hanc
924 2809 1091 2871 constitu-

141 2909 269 2973 tionem
300 2917 453 2972 nostram
479 2909 597 2972 venire
624 2908 885 2984 attentaverint,
912 2915 1012 2971 terrae
1035 2927 1089 2970 eo

134 3028 214 3071 rum
237 3007 471 3072 ecclesiastico
492 3007 718 3090 subjicientur
739 3005 935 3083 interdicto,
958 3015 993 3071 et
1012 3027 1089 3089 per-

137 3127 235 3171 sonae
252 3126 356 3189 poena
372 3107 739 3171 excommunicationis
755 3106 965 3188 punientur.’
1009 3107 1090 3170 Hiis

137 3207 190 3270 ita
204 3208 324 3289 gestiS,
342 3226 364 3271 a
378 3206 553 3288 colloquio
568 3214 795 3270 recesserunt.

212 3379 397 3458 Wllelmus,
412 3382 552 3446 Elieoeie
565 3382 730 3467 episcopos,
746 3381 892 3465 legalium
907 3382 1031 3466 Anqltae

524 3482 714 3566 impetravit.

205 3605 285 3670 Rex
305 3606 500 3687 Anglorum
531 3605 727 3670 Richardus
754 3626 831 3670 cum
858 3606 986 3669 nuntiis
1005 3605 1091 3668 Wil-
1105 3613 1262 3716 gphppgpms

141 3705 244 3782 lelmi,
262 3705 409 3769 Elionsis
426 3706 590 3787 episcopi,
607 3706 765 3788 [nuntios
783 3705 880 3784 suos]
905 3706 948 3768 ad
965 3723 1090 3786 papam
1105 3717 1204 3755 deum·

1105 3767 1174 3806 cellon.

142 3804 354 3869 Clementem
380 3804 580 3881 destinavit,
608 3825 630 3868 a
650 3825 719 3888 quo
746 3806 947 3885 rescriptum
973 3804 1093 3885 hujus·

175 4024 335 4097 ¹Semret.]
355 4030 450 4090 Dated,
469 4032 605 4093 according
666 4030 676 4062 ²
694 4028 878 4101 Vindicem]
906 4030 1094 4083 ‘Vireliacum'

140 4104 166 4147 to
184 4099 318 4159 Hovcdcn,
333 4104 360 4148 ut
375 4100 533 4163 Noneucurt,
545 4103 604 4150 soth
632 4104 658 4150 in
669 4103 726 4151 MS.

141 4169 294 4218 December.

197 4259 277 4306 vot..
303 4260 354 4305 lll.
619 4220 621 4229 Ι
927 4267 947 4311 Ο
