2970 5016
454 463 596 511 rnonns
620 466 890 515 msronmnuu.
1080 453 1146 518 alr

191 623 261 685 rint
277 621 332 684 vel
351 622 570 704 nequiverint
585 624 763 699 interesse,
786 630 899 687 ratum
923 621 1091 688 habeatnr
1112 636 1145 690 ct
1161 645 1282 684 numa

191 722 327 784 firmum
356 719 450 801 qnod
479 721 591 804 major
624 741 705 802 pars
732 741 849 785 eorum
878 722 1068 805 providerit
1092 726 1146 789 vel

191 820 408 902 praeceperit,
433 838 474 882 ac
500 819 530 881 si
556 839 674 883 omues
693 820 813 902 viginti
840 822 992 903 quinque
1019 820 1055 884 in
1079 822 1147 887 hoc

192 919 461 982 consensissent.
497 917 541 980 Et
553 918 676 999 viginti
690 920 843 1000 quinque
855 920 1001 983 barones
1014 920 1147 1003 jurent,

193 1018 283 1099 quod
321 1017 437 1080 omnia
468 1016 646 1080 antedicta
674 1017 821 1082 fideliter
849 1019 1082 1084 observabunt
1111 1029 1147 1084 et

193 1136 256 1197 pro
272 1122 348 1179 toto
365 1134 467 1197 posse
484 1134 547 1178 suo
563 1115 689 1179 facient
704 1117 903 1193 observari3
928 1125 963 1180 et
976 1137 1038 1181 nos
1062 1118 1145 1182 nibil

193 1214 463 1296 impetrabimus,
489 1233 551 1295 per
576 1232 640 1277 nos
664 1234 728 1278 nec
747 1235 809 1297 per
832 1215 951 1292 alium,
973 1236 1034 1297 per
1053 1218 1144 1298 quod

196 1313 324 1394 aliquid
345 1313 489 1376 istarum
507 1314 766 1376 concessionum
785 1322 821 1378 et
834 1314 1032 1378 libertatum
1047 1335 1144 1379 revo-

195 1420 293 1475 cetur
306 1418 368 1474 ant
383 1411 579 1490 minuatnr3
603 1418 649 1487 et,
669 1412 700 1474 si
719 1412 849 1493 aliquid
872 1413 942 1476 tale
965 1412 1068 1477 fuerit
1084 1415 1146 1476 im·

194 1517 381 1593 patratum,
407 1509 543 1572 irritum
569 1510 615 1572 sit
640 1517 676 1572 et
705 1510 820 1588 inane,
843 1518 879 1573 et
904 1530 1078 1594 nunquam
1105 1533 1145 1576 eo

194 1616 332 1672 utemur
348 1628 410 1690 per
426 1627 489 1671 nos
504 1607 559 1670 vel
578 1628 640 1690 per
663 1608 781 1672 alium.
832 1608 880 1671 Et
894 1628 1013 1673 omnes
1036 1612 1147 1675 malas

194 1708 405 1782 voluntates,
421 1713 456 1769 et
470 1705 738 1788 indignationes,
753 1716 789 1771 et
805 1726 966 1771 rancores
984 1717 1079 1773 ortos
1093 1711 1145 1773 in·

196 1813 335 1870 ternos
364 1812 398 1869 et
424 1804 579 1868 homines
604 1815 741 1869 nostros
765 1806 908 1870 clericos
934 1813 969 1869 et
992 1808 1099 1871 laicos
1125 1828 1146 1872 a

197 1913 350 1987 tempore
374 1903 569 1981 discordiae,
593 1906 693 1986 plene
715 1905 874 1967 omnibns
896 1906 1088 1969 remisimus
1111 1915 1145 1971 et

197 2003 479 2067 condonavimus.
510 2002 567 2080 Et,
585 2003 628 2066 ad
645 2003 766 2066 melius
779 2002 1053 2084 distringendum
1071 2025 1145 2082 nos,

197 2110 347 2184 quatuor
365 2100 557 2176 castellani,
572 2100 615 2164 de
634 2101 840 2166 Norbanton
855 2102 999 2178 scilicet,
1014 2103 1057 2166 de
1072 2103 1144 2167 Ke-

197 2198 428 2276 nillevvnrcbe,
454 2200 497 2263 de
520 2198 769 2281 Nothingbam,
793 2207 828 2263 et
854 2201 896 2264 de
921 2201 1144 2279 Scardeburc,

196 2306 298 2362 erunt
312 2298 421 2381 jurati
440 2297 564 2379 viginti
584 2297 736 2380 quinque
759 2300 957 2376 baronibus,
980 2301 1071 2382 quod
1093 2302 1144 2364 fa·

196 2398 290 2461 cient
307 2396 348 2459 de
370 2397 493 2459 castris
516 2396 691 2478 praedictis
716 2398 806 2480 quod
830 2398 897 2478 ipsi
918 2399 1145 2480 praeceperint

197 2503 232 2559 et
255 2495 506 2570 mandaverint,
522 2495 576 2558 vel
600 2494 711 2578 major
733 2515 814 2576 pars
836 2515 978 2571 eorum3
1005 2506 1040 2560 et
1056 2498 1143 2561 tales

197 2613 332 2676 semper
355 2593 535 2657 castellani
562 2601 736 2674 ponantur
764 2594 799 2656 in
829 2593 898 2656 illis
923 2594 1058 2670 castris,
1084 2596 1143 2677 qui

197 2692 314 2756 fideles
327 2693 396 2755 sint
407 2701 443 2755 et
454 2692 565 2756 nolint
576 2692 769 2773 transgredi
780 2692 1016 2776 juramentum
1030 2712 1144 2756 suum.

199 2791 243 2855 Et
270 2810 333 2855 nos
361 2789 595 2854 amovebimus
624 2810 742 2854 omnes
768 2790 979 2872 alienigenas
1007 2811 1029 2854 a
1051 2799 1147 2856 terra·

197 2897 328 2965 nostra,
351 2896 513 2971 parentes
541 2909 660 2953 omnes
686 2888 827 2953 Girardi
852 2889 894 2953 de
916 2888 1053 2967 Atbies,
1075 2891 1143 2953 En-

197 2989 374 3069 gelardum
386 2988 529 3063 scilicet,
546 2987 735 3065 Andream,
751 2987 907 3064 Petrum,
924 2987 1082 3072 Gyonem
1101 2989 1144 3053 de

197 3086 399 3162 Chanceles,
415 3085 574 3168 Gyonem
591 3086 633 3150 de
652 3086 803 3168 Ciguiui,
824 3107 968 3151 uxorem
989 3088 1145 3170 praedicti

198 3184 337 3249 Girardi
360 3204 437 3248 cum
459 3186 618 3248 omnibus
641 3185 756 3249 liberis
779 3187 863 3262 suis,
879 3185 1084 3251 Gausridnm
1101 3188 1144 3250 de

198 3283 373 3348 Martenni
406 3290 441 3346 et
469 3282 594 3347 fratres
626 3283 713 3366 ejus,
743 3283 943 3366 Philippum
978 3285 1077 3349 Marc
1110 3294 1145 3351 et

198 3383 323 3449 fratres
348 3381 436 3465 ejus,
458 3394 493 3445 et
515 3380 561 3445 G.
585 3390 743 3464 nepotem
769 3382 857 3466 ejus,
883 3382 1081 3461 Falconem,
1110 3393 1145 3448 et

199 3481 429 3544 Flandrenses
447 3499 566 3544 omnes
582 3488 616 3544 et
633 3482 820 3563 ruptarios,
838 3480 897 3563 qui
918 3481 1058 3544 suntad
1083 3501 1145 3544 no·

196 3586 392 3645 cumentum
417 3580 525 3659 regni.
577 3579 754 3642 Praeterea
775 3598 894 3643 omnes
920 3579 1145 3660 transgressi·

197 3698 282 3742 oues
304 3679 415 3741 factas
436 3678 615 3741 occasione
636 3677 738 3761 hujus
761 3676 940 3741 discordiae
963 3696 983 3739 a
1007 3677 1145 3741 Pascha

195 3783 386 3853 transacto,
416 3776 508 3858 quod
536 3776 603 3839 fuit
626 3796 716 3839 auno
749 3776 846 3857 regni
876 3776 985 3839 nostri
1013 3776 1145 3839 decimo

195 3885 310 3950 sexto,
336 3875 511 3956 usquead
536 3874 624 3938 bano
648 3894 766 3956 paoem
790 3874 1023 3949 reformatam,
1045 3874 1145 3956 plene

197 3975 390 4038 remisimus
411 3974 568 4036 omnibus
591 3973 722 4036 clericis
738 3979 773 4035 et
788 3972 897 4049 laicis,
914 3982 961 4049 et,
979 3981 1146 4054 qnantum

197 4074 238 4135 ad
256 4092 319 4135 nos
337 4073 495 4154 pertinet,
513 4072 613 4153 plene
628 4070 909 4134 condonavimus.
946 4070 993 4134 Et
1008 4072 1147 4153 insuper

197 4171 340 4234 fecimus
354 4171 424 4233 illis
440 4171 512 4234 fieri
536 4170 655 4235 literas
679 4169 926 4233 testimoniales
941 4177 975 4233 et
990 4176 1147 4252 patentes
