2970 5016
422 451 559 499 enonas
585 451 855 500 nrsronrnnun.
1049 436 1113 499 177

132 594 240 670 'bere
267 608 372 688 pedes
400 609 488 691 ejus,
514 618 550 673 et
571 610 632 685 sic,
658 610 775 673 divina
803 629 880 672 euru
910 618 1112 691 protegente
1127 625 1250 724 fflfffl

161 706 289 789 gratia,
304 706 435 770 illaesus
455 709 578 772 evasit.
632 708 766 771 Deinde
785 708 956 772 latronum
975 727 1112 790 perpes·
1126 725 1266 822 copones

160 825 221 868 sus
241 804 395 880 insidias,
414 825 491 870 cum
516 826 637 870 manus
657 808 693 869 ln
710 828 788 871 eum
806 808 974 872 violentas
993 815 1112 872 exten·
1125 775 1254 874 idedlmd

160 904 241 968 dere
263 904 508 982 decrevissent,
531 907 688 987 angelica
713 926 773 970 eos
798 927 882 971 voce
911 908 1111 989 increpante

160 1003 249 1067 adeo
270 1005 444 1086 perterriti
460 1012 555 1083 sunt,
577 1006 668 1088 quod
695 1026 758 1069 nec
780 1006 875 1087 loqui
898 1026 961 1069 nec
981 1026 1018 1069 se
1041 1026 1112 1070 mo·

162 1122 242 1166 vere
282 1102 501 1185 aliquatenus
539 1111 739 1186 potuerunt.
790 1105 890 1169 Tunc
923 1105 1112 1169 monachus

160 1202 321 1294 iconiam,
345 1221 448 1285 quam
468 1203 621 1279 tenebat,
640 1203 824 1284 diligenter
842 1205 1027 1286 inspiciens
1047 1204 1111 1268 ali-

162 1300 246 1382 quid
274 1301 401 1364 divinae
424 1302 562 1366 virtutis
590 1303 626 1365 in
651 1322 693 1366 ea
721 1303 829 1366 latere
854 1305 1042 1384 cognovit3
1077 1314 1112 1369 et

161 1418 278 1462 secum
302 1400 507 1478 deliberans,
535 1410 572 1465 ut
594 1400 743 1465 iconiam
772 1401 815 1463 ad
840 1421 937 1466 suam
966 1402 1113 1468 deferret

161 1499 321 1579 patriam,
352 1501 650 1565 sanctimonialem
688 1499 935 1574 defraudando,
964 1501 1114 1566 inaniter

162 1597 352 1663 laborabat.
404 1598 503 1664 Tunc
530 1600 671 1663 veniens
704 1599 748 1662 ad
780 1597 905 1662 Acbou
937 1599 1113 1664 civitatem

164 1715 286 1760 navem
304 1698 460 1774 intravit,
473 1698 593 1762 volens
608 1699 809 1781 repatriare,
827 1699 856 1761 si
874 1699 1000 1780 possit;
1018 1719 1111 1764 cum-

108 1811 111 1814 ·
163 1815 231 1878 que
259 1795 334 1860 dies
365 1797 498 1879 aliquot
523 1797 608 1861 velis
639 1798 871 1861 cucurrissent
901 1799 1112 1880 patentibus,

162 1913 242 1959 ecce
267 1897 382 1960 subito
407 1903 612 1979 tempestate
645 1898 787 1960 suborta
811 1896 897 1960 adeo
925 1898 1112 1979 periclitari

163 2003 354 2076 coeperunt,
385 2004 425 2059 ut
454 1996 594 2077 singuli,
618 2016 696 2078 quac
723 2016 788 2060 sua
813 2004 924 2072 eraut,
952 1996 987 2059 in
1019 2017 1113 2062 mare

163 2093 383 2176 projicerent.
437 2094 631 2158 Monachus
660 2104 775 2160 autem
798 2115 875 2159 cum
903 2115 1004 2158 suum
1035 2115 1109 2160 sac·

163 2192 278 2256 culum
300 2193 391 2257 inter
413 2194 500 2257 alios
524 2194 628 2258 vellet
653 2194 753 2258 undis
776 2195 1000 2272 committere,
1024 2194 1113 2261 dixit

163 2292 310 2357 adeum
336 2293 482 2374 angelus
508 2293 660 2369 Domini,
685 2293 799 2357 ‘Vide
822 2315 864 2358 ne
887 2293 1020 2370 feceris,
1052 2296 1112 2359 sed

163 2391 243 2455 leva
271 2392 418 2455 iconiam
448 2393 606 2455 manibus
630 2394 698 2456 tuis
725 2393 943 2457 vehementer
965 2394 1008 2456 ad
1040 2394 1112 2459 Do·

164 2491 295 2554 minum
315 2489 339 2570 ;'
379 2492 439 2573 qui
477 2491 591 2573 angeli
624 2493 865 2575 obtemperans
897 2490 1113 2573 jussionibus

163 2590 312 2653 iconiam
337 2591 371 2652 in
401 2590 509 2654 altum
533 2591 664 2654 levavit
685 2598 720 2654 et
742 2591 905 2654 contiuuo
927 2598 1114 2673 tempestas

164 2690 324 2770 quievit3
363 2690 602 2771 ignorantibus
635 2698 752 2754 autem
784 2689 852 2752 illis
887 2708 955 2770 quo
991 2709 1112 2771 perge-

164 2795 253 2864 rent,
282 2789 325 2851 ad
353 2787 476 2852 Achou
505 2789 681 2852 civitatem
709 2789 837 2851 reversi
868 2795 961 2850 suut.
1014 2787 1113 2852 Tunc

164 2886 353 2950 monachus
381 2888 424 2951 de
455 2889 605 2967 imagine
635 2889 701 2951 Dei
732 2886 929 2967 intelligens
953 2886 1113 2951 volunta-

165 2992 248 3063 tem,
269 2987 410 3070 suisque
433 2987 718 3069 promissionibus
738 2985 938 3050 satisfacere
958 2987 1112 3068 cupiens,

166 3084 210 3147 ad
241 3084 538 3150 sanctimonialem
568 3086 669 3150 rediit
699 3094 734 3150 et
763 3087 807 3149 ab
838 3105 880 3149 ea
911 3085 1113 3150 beneficium

165 3185 413 3268 hospitalitatis
443 3186 618 3267 suscepit;
657 3186 799 3267 ignotus
829 3193 943 3249 tamen
976 3186 1007 3249 ei
1040 3193 1115 3249 erat

165 3292 308 3367 propter
322 3284 496 3366 hospitum
512 3284 751 3366 frequentiam,
766 3293 800 3349 et
817 3285 894 3347 ideo
907 3285 1055 3348 iconiam
1070 3286 1114 3349 ab

165 3402 209 3447 eo
224 3403 293 3448 nou
311 3384 511 3466 requisivit;
534 3384 722 3448 monachus
738 3403 820 3448 vero
837 3383 902 3447 hoc
924 3385 1036 3466 ipsum
1052 3383 1113 3447 ad-

139 3472 145 3490 ⁵
168 3491 305 3548 vertens
328 3483 497 3564 cogitavit
523 3501 602 3546 cum
630 3483 744 3546 iconia
772 3482 815 3546 ad
841 3483 982 3564 propria
1004 3501 1113 3545 reme-

165 3602 237 3647 are.
290 3581 396 3645 Mane
418 3588 533 3645 autem
552 3580 752 3657 saetacum
773 3580 921 3644 abeundi
940 3579 1113 3644 licentiam

164 3682 397 3763 impetrasset,
420 3681 534 3762 gratia
556 3681 723 3744 orationis
748 3680 937 3744 oratorium
959 3679 1115 3754 intravit,

166 3788 214 3857 et,
231 3799 309 3844 cum
329 3779 422 3844 facta
442 3780 596 3843 oratione
614 3780 710 3843 exire
728 3779 852 3856 voluit,
872 3778 998 3841 ostium
1017 3777 1115 3840 inve-

168 3879 242 3942 nire
277 3898 345 3943 non
382 3879 521 3962 potuit;
556 3898 686 3960 ponens
720 3898 804 3959 ergo
838 3896 942 3958 quam
975 3877 1116 3940 tenebat

166 3979 352 4059 imaginem
387 3997 491 4060 super
527 3977 637 4041 altare
672 3977 826 4051 oratorii,
867 3975 993 4038 ostium
1029 3974 1116 4038 vidit

167 4084 338 4160 apertum,
370 4084 417 4152 et,
450 4096 528 4140 cum
561 4078 685 4151 iterum
718 4082 898 4156 assumpta
930 4073 1043 4136 iconia
1072 4074 1116 4137 ab

166 4176 319 4241 oratorio
348 4176 444 4239 exire
479 4174 669 4251 moliretur,
699 4193 769 4256 qua
796 4173 1018 4253 egrederetur
1048 4193 1117 4237 noa

218 4291 298 4339 von.
315 4289 368 4338 ιιι.
943 4289 965 4334 n
