2970 5016
416 482 555 530 eronus
580 481 856 535 ursronrnnun,
1064 469 1108 539 45

151 638 249 715 bant,
276 646 444 719 egerunt3
473 638 603 721 sicque,
630 638 707 703 Deo
730 638 880 714 volente,
903 645 1018 703 actum
1041 647 1107 716 est,
1121 653 1242 694 nnnn.

154 745 193 800 ut
208 736 321 800 omnis
337 737 399 800 illa
414 738 510 819 regio
528 738 702 800 maritima
719 757 839 800 versus
857 737 996 818 plagam
1012 738 1107 801 illam

154 847 337 916 caperetur
364 843 399 900 et
426 843 530 917 capta
553 856 574 898 a
596 835 812 900 Christicolis
844 836 1107 914 inhabitaretur,

155 934 236 997 licet
258 953 328 996 non
350 935 426 997 sine
449 934 549 1015 gravi
577 935 763 998 certamine
792 934 885 1010 belli,
908 954 986 998 cum
1009 954 1109 999 exer-.

155 1033 244 1096 citus
262 1032 440 1105 Salaedini
457 1050 592 1113 semper
610 1023 757 1097 alatere
778 1033 969 1096 exercitum
988 1031 1107 1097 Cbris·

155 1132 328 1194 tianorum
363 1132 630 1213 subsequeretur
666 1138 770 1213 atquo
806 1132 898 1199 acies
934 1138 1108 1196 extremas

155 1229 190 1292 in
213 1229 299 1293 locis
326 1228 584 1311 angustioribus
615 1229 768 1311 graviter
795 1231 987 1306 infestaret,
1016 1231 1108 1294 unde

156 1335 192 1390 et
217 1328 260 1391 de
284 1336 433 1410 utroque
462 1327 617 1392 exercitu
649 1329 788 1410 plurimi
815 1330 943 1410 saepius
969 1348 1107 1392 corrue·

157 1433 249 1491 runt.
294 1426 441 1490 Munitis
463 1427 572 1507 igitur
593 1426 792 1490 civitatibus
811 1427 885 1510 jam
907 1424 1021 1504 dictis,
1043 1446 1107 1490 rex

156 1525 361 1608 magnificus
403 1524 601 1589 Richardus
639 1524 764 1590 Acbon
800 1525 902 1588 rediit
932 1544 1010 1587 cum
1045 1525 1106 1588 tri·

158 1624 298 1706 umpbo.

207 1722 274 1787 Sed
302 1723 378 1787 baec
407 1741 485 1805 quae
516 1723 667 1786 diximus
689 1723 816 1786 clarius
846 1723 1054 1800 elucescent,
1076 1724 1263 1824 sigfflrb

157 1821 338 1905 epistolam
353 1822 459 1903 regis,
468 1841 572 1904 quam
582 1820 1225 1923 Waltero,Rotbomagensiar-51ffi

157 1920 530 2003 chlepiscopo„direxit
546 1939 610 2002 pro
625 1920 745 1984 eodem
762 1921 912 2002 negotio,
929 1920 984 1984 bic
997 1940 1107 2004 pona·
1226 1907 1233 1921 ’

159 2038 246 2084 mns.
270 2018 503 2096 ‘Richardus,
524 2019 592 2083 Dei
607 2019 722 2100 gratia
743 2038 805 2083 rex
823 2017 972 2101 Aufidiae,
990 2029 1025 2084 et
1042 2039 1109 2084 cae·

158 2125 244 2182 tera.
288 2117 468 2182 Noveritis
490 2116 664 2182 dominum
686 2137 803 2200 regem
826 2117 1040 2182 Francorum
1062 2118 1107 2182 ad

158 2217 297 2300 propria
322 2234 516 2296 remeasse;
539 2223 587 2294 et,
609 2217 718 2281 ruinis
741 2217 969 2300 scissurisque
983 2216 1107 2282 Acbon

158 2315 309 2380 civitatis
331 2315 514 2397 reparatis,
539 2314 583 2378 ad
605 2314 876 2398 promovendum
903 2315 1108 2380 Christiani·
1130 2377 1133 2381 .

158 2415 241 2478 tatis
271 2414 449 2496 negotium
477 2421 513 2485 et
539 2414 771 2497 prosequendi
793 2414 866 2479 voti
891 2415 1001 2478 nostri
1028 2435 1109 2501 pr07

158 2513 308 2595 positum
331 2511 423 2595 apud
445 2510 585 2594 Joppen
607 2513 674 2577 iter
698 2512 917 2595 arripuimus,
934 2521 970 2578 et
991 2515 1107 2577 nobis-

158 2631 236 2675 cum
267 2610 340 2675 dux
371 2611 584 2693 Burgundiae
613 2631 691 2675 cum
723 2612 960 2691 francigenis,
992 2630 1107 2675 comes

160 2709 335 2775 Henricus
357 2729 435 2774 cum
457 2709 542 2787 suis,
565 2719 600 2774 et
622 2709 722 2772 multi
745 2710 806 2773 alii
827 2710 970 2773 comites
992 2716 1027 2773 et
1046 2711 1108 2773 ba·

158 2829 272 2874 roucs.
303 2808 462 2891 Cumque
476 2809 566 2872 inter
580 2808 703 2873 Acbon
720 2816 756 2871 et
768 2807 791 2871 J
794 2827 907 2889 oppen
923 2807 1106 2889 plurimum

159 2916 251 2973 esset
273 2908 423 2991 spatium
444 2915 479 2972 et
498 2915 629 2972 tractus
652 2907 786 2970 viarum
808 2906 989 2989 prolixior,
1015 2906 1108 2988 apud

161 3006 357 3071 Caesaream
384 3005 523 3070 tandem
552 3025 631 3069 cum
659 3006 768 3070 multo
792 3005 917 3069 sudore
940 3005 1109 3088 gravique

158 3106 276 3170 labore
306 3113 503 3169 nostrorum
532 3103 783 3182 descendimus,
818 3111 853 3169 et
882 3104 957 3187 ipse
988 3105 1109 3169 Salaa÷

161 3205 262 3268 dinus
295 3205 332 3268 iu
365 3203 484 3268 eodem
513 3204 635 3268 itinere
663 3204 705 3268 de
734 3204 807 3267 suis
837 3204 1108 3286 quamplurimos

161 3304 289 3368 amisit.
341 3302 429 3366 Cum
447 3302 596 3385 populus
619 3302 688 3366 Dei
707 3302 832 3366 ibidem
854 3302 1108 3385 aliquantulum

159 3408 363 3484 repausaret
381 3401 473 3483 apud
496 3400 519 3464 J
523 3420 648 3484 oppon,
668 3420 788 3464 sumus
810 3401 877 3464 iter
895 3403 1109 3482 propositum

161 3501 357 3582 prosecuti3
385 3507 433 3577 et,
454 3509 575 3564 nostra
597 3492 756 3564 custodia
774 3505 950 3581 praeeunte
976 3505 1012 3562 et
1032 3517 1109 3563 cus·

161 3607 217 3664 tra
237 3598 331 3681 apud
352 3596 523 3662 Assuram
543 3605 707 3676 metante,
733 3597 940 3661 Salaadinus
960 3616 1038 3659 cum
1053 3603 1109 3660 ve'·

161 3697 312 3763 bementi
333 3715 548 3782 paganorum
574 3698 713 3761 incursu
733 3715 837 3778 super
856 3695 1011 3760 ultimam
1032 3713 1110 3759 cus-

162 3796 293 3860 todiam
317 3803 472 3862 nostram
499 3796 665 3878 impetum
688 3795 829 3872 iaciens,
855 3794 981 3857 divinae
1005 3794 1109 3857 mise-

161 3895 306 3960 rationis
336 3895 451 3977 gratia
479 3893 630 3972 favente,
665 3912 687 3957 a
717 3900 867 3976 quatuor
896 3892 1110 3957 solummodo

161 3994 313 4072 aciebus,
336 4013 416 4077 quae
441 3993 479 4056 in
504 3992 618 4057 fronte
642 3993 673 4056 ei
699 3992 860 4075 opposita
881 3997 992 4066 erant,
1017 4009 1110 4054 com·

162 4093 283 4176 pulsus
311 4093 430 4156 estin
460 4091 592 4173 sugam,
622 4092 801 4174 ipsumque
832 4089 1021 4169 fugientem
1049 4109 1112 4172 per

161 4191 294 4256 leucam
324 4210 429 4255 unam
457 4199 539 4256 sunt
561 4197 767 4278 prosecutae,
792 4195 993 4270 tantamque
1023 4196 1113 4261 stra,
