2970 5016
453 452 594 501 rnonns
617 452 888 502 rrrsronrnnun.
1080 442 1160 506 273‘

191 619 273 674 runt
289 629 504 692 responsum,
526 610 618 694 quod
643 619 785 695 propter
806 620 958 694 quatuor
980 613 1143 691 ribaldos,
1155 633 1281 724 min.

191 730 278 792 quos
292 710 446 792 episcopi
460 730 577 774 secum
593 711 823 789 adduxerant,
840 713 1004 794 petebant
1016 714 1143 778 habere
1182 734 1285 774 :norm

1155 745 1285 834 lionam.

191 809 400 891 colloquium
420 829 498 873 cum
520 811 620 892 ipso;
650 809 841 875 Tholosani
862 832 944 876 vero
967 813 1153 894 praedictis.

191 909 321 972 nuntiis
335 908 703 991 responderunt,·qnod
719 912 793 992 regi
806 910 1028 993 Arragonum
1042 921 1152 977 erant.

192 1008 431 1084 confoederati,
458 1016 494 1072 et
519 1008 567 1071 nil
593 1009 747 1073 iacerent
776 1011 841 1073 nisi
870 1011 961 1092 regis
989 1018 1139 1075 tantum·

190 1109 293 1173 modo
310 1108 536 1172 voluntatem.
589 1107 692 1186 Quod
717 1128 795 1172 curn
820 1110 1002 1174 redeuntes
1027 1113 1141 1176 nuntii

191 1205 361 1290 episcopis
382 1206 590 1282 retulissent,
614 1207 715 1270 iidem
738 1209 891 1291 episcopi
914 1210 1143 1274 cum'abbati-

192 1307 256 1370 bus
285 1306 476 1371 discalciati
499 1305 543 1369 ad
572 1324 687 1388 regem
716 1308 834 1371 venire
865 1310 1140 1390 proposuerunt3

190 1406 250 1470 sed
274 1425 351 1470 cum
378 1405 548 1470 adventus
574 1425 691 1470 eorum
717 1407 754 1470 in
781 1406 872 1470 hunc
902 1408 1038 1471 modum
1067 1411 1140 1490 regi

192 1507 371 1569 nuntiatus
396 1505 530 1582 fuisset,
555 1505 674 1588 jannis
697 1506 893 1587 patefactio,
918 1526 995 1570 curn
1026 1527 1141 1571 comes

192 1604 440 1669 Montis-fortis
475 1623 516 1667 ac
546 1623 648 1669 cruce
685 1605 814 1687 signati
849 1606 997 1670 inermes
1027 1615 1143 1671 essent

191 1725 253 1787 pro
268 1724 310 1768 eo
326 1702 417 1787 quod
434 1703 585 1786 episcopi
601 1704 644 1767 de
664 1724 749 1786 pace
771 1705 1007 1787 loquerentur,
1023 1706 1142 1770 hostes

192 1804 258 1868 Dei
292 1802 528 1867 fraudulenter
559 1821 600 1866 ac
628 1806 774 1886 superbe
802 1805 913 1868 vicum
945 1806 1141 1869 subintrare

191 1923 269 1967 cum
290 1903 421 1984 impetu
444 1910 672 1980 attentarunt,
696 1904 755 1966 sed
781 1923 843 1985 per
860 1904 927 1967 Dei
950 1906 1097 1985 gratiam
1120 1923 1142 1968 a

191 2022 255 2066 suo
270 2002 410 2066 suerunt
424 2001 593 2066 desiderio
610 2002 815 2066 defraudati.
850 2003 1006 2082 Quorum
1022 2024 1148 2086 super·.

190 2103 281 2165 biam
298 2119 412 2165 comes
430 2109 465 2165 et
482 2121 582 2165 cruce
607 2103 736 2183 signati
754 2102 921 2181 videntes,
945 2123 1007 2184 per
1027 2103 1141 2167 cordis

191 2201 433 2265 contritionem
459 2208 495 2264 et
526 2201 608 2264 oris.
623 2202 872 2266 confessionem
904 2202 1089 2267 salubriter
1121 2222 1144 2266 a

191 2300 342 2383 peccatis
364 2300 533 2376 mundati,
556 2302 660 2365 armis
682 2320 721 2365 se
737 2302 883 2366 viriliter
904 2303 1143 2380 accinxerunt,

191 2400 436 2482 venientesque
452 2399 496 2462 ad
514 2400 713 2482 episcopum
729 2400 978 2477 Tholosanum,
991 2403 1050 2483 qui
1062 2421 1145 2465 auc·

191 2500 332 2563 toritate
359 2498 489 2562 domini
511 2497 749 2563 Narbonensis
770 2500 850 2582 jure
874 2499 1058 2581 legationis
1078 2500 1144 2564 hoc

191 2597 302 2663 officio
325 2599 546 2680 fungebatur,
568 2599 718 2662 exeundi
737 2598 912 2662 licentiam
928 2607 1049 2662 contra
1064 2597 1145 2662 hos-

193 2705 245 2762 tes
273 2698 353 2761 fidei
381 2697 557 2761 humiliter
588 2698 831 2781 postularunt;
870 2716 951 2778 qua,
979 2697 1144 2779 quoniam

193 2798 368 2880 negotium
390 2797 428 2860 in
444 2804 541 2861 arcto
558 2805 632 2862 erat
655 2799 894 2873 constitutum,
915 2816 1091 2874 concessa,
1107 2798 1143 2860 in

192 2898 330 2961 nomine
345 2902 488 2969 'sanctae
508 2895 691 2961 Trinitatis
716 2897 826 2961 tribus
852 2896 1029 2979 dispositis
1054 2897 1145 2961 acia·

192 2998 256 3060 bus
274 2997 446 3079 exierunt,
461 2995 578 3060 hostes
597 3016 679 3061 vero
694 2997 773 3060 fidei
789 3016 809 3061 e
825 2996 999 3060 contrario
1016 2996 1144 3076 multas

192 3096 359 3160 babentes
378 3097 471 3160 acies
493 3095 567 3179 jam
592 3096 726 3160 mnnita
751 3097 856 3160 armis
884 3096 1038 3160 tentoria⁴
1062 3105 1143 3160 sunt

193 3196 334 3277 egressi,
357 3215 457 3277 quos,
478 3195 560 3259 licet
584 3196 711 3259 multos
736 3197 837 3259 nimis
857 3203 1017 3279 respectu
1043 3202 1175 3259 cruce·

192 3295 420 3377 signatorum,
457 3294 600 3358 clientes
628 3294 758 3360 Christi
791 3295 833 3359 de
865 3295 974 3376 ipsius
1011 3295 1144 3359 auxilio

192 3394 415 3476 confidentes,
432 3395 556 3458 armati
576 3394 705 3459 virtute
726 3414 770 3458 ex
792 3394 877 3471 alto,
895 3393 1041 3458 viriliter
1064 3401 1145 3457 sunt

192 3495 361 3576 aggressi.
413 3494 607 3575 Statimque
622 3494 732 3559 virtus
748 3492 920 3558 Altissimi
939 3511 1000 3574 per
1022 3511 1145 3555 manus

192 3612 331 3657 suorum
349 3592 466 3656 hostes
484 3611 566 3656 suos
583 3593 765 3676 confregit,
784 3613 844 3657 eos
861 3590 1097 3656 comminuens
1109 3591 1145 3653 in

194 3700 393 3769 moment03
425 3699 525 3773 terga
547 3694 637 3756 enim
652 3700 827 3757 vertentes
852 3692 887 3754 in
909 3691 1027 3772 sugam
1052 3709 1146 3771 com·

193 3792 284 3874 pulsi
298 3799 392 3868 sunt,
407 3799 575 3873 tanquam
588 3792 703 3874 pulvis
717 3799 799 3855 ante
813 3791 933 3855 faciem
949 3789 1043 3853 venti
1065 3808 1145 3853 con·

193 3891 289 3970 triti;
313 3892 373 3955 alii
392 3891 513 3955 mortis
539 3892 723 3955 discrimen
750 3891 922 3972 fugientes
949 3897 1146 3967 evaseruut,

192 3991 252 4056 alii
277 3990 413 4072 gladios
442 3991 614 4073 evitantes
645 4011 745 4073 aquae
774 3989 928 4071 periculo
958 3989 1147 4069 perierunt,

193 4089 351 4153 nonnulli
382 4097 496 4153 autem
527 4090 667 4153 fuerunt
694 4090 730 4152 in
756 4108 816 4152 ore
846 4086 953 4170 gladii
978 4087 1147 4152 devorati.

195 4190 248 4253 De
262 4189 391 4253 illustri
405 4208 542 4272 quoque
560 4189 780 4271 Arragonum
804 4207 897 4268 rege,
918 4188 977 4268 qui
996 4206 1072 4250 cum
1096 4188 1148 4251 in·

248 4305 326 4351 von.
352 4306 403 4352 ur.
976 4303 998 4348 r
