2970 5016
451 498 591 544 enonas
614 497 885 546 nrsronmauu.
1077 487 1143 550 329

192 664 409 741 perpetuum,
422 654 514 736 quod
529 655 592 718 tali
605 655 707 718 modo
723 654 827 717 fuerit
837 653 1045 718 ordinatum.
1081 655 1141 717 In·
1155 674 1211 714 no.
1224 674 1279 713 nn.

192 758 300 838 spiret
320 754 427 835 igitur
444 755 543 817 vobis
563 753 640 828 Ille,
658 753 718 834 qui
739 754 908 816 neminem
928 753 1003 816 vult
1019 754 1142 834 perire,

193 864 232 918 ut
250 852 482 935 adquiescatis
505 852 680 915 humiliter
701 853 828 915 nostris
848 852 1043 915 salubribus
1061 872 1142 915 con-

194 955 280 1016 siliis
303 961 338 1016 et
359 951 543 1027 mandatis,
571 971 625 1027 ne,
651 950 681 1013 si
709 970 809 1015 secus
833 951 985 1031 egentia,
1007 951 1043 1013 in
1066 971 1143 1013 eum

194 1051 355 1115 incidatis
393 1050 575 1113 articulum
614 1050 842 1126 necessitatis,
873 1069 974 1131 quem
1004 1050 1143 1112 tandem

195 1149 341 1213 evadere
359 1149 433 1211 sine
451 1148 559 1211 multo
577 1148 778 1229 gravamine
792 1167 860 1212 non
878 1149 1038 1229 possitis3
1063 1168 1145 1230 quo-

196 1250 300 1324 niam,
323 1254 362 1310 ut
379 1247 421 1309 de
440 1247 574 1309 caeteris
593 1254 781 1324 taceamus,
800 1247 897 1309 nulla
919 1247 1053 1311 ratione
1075 1247 1144 1310 dis·

195 1346 358 1409 simulare
385 1364 565 1426 possemus
592 1364 699 1425 grave
731 1345 918 1426 periculum
948 1347 1055 1408 totius
1088 1366 1146 1408 ne-

197 1445 283 1527 gotii
307 1443 487 1519 crncifixi,
513 1444 606 1524 qnod
628 1445 747 1524 utique
774 1444 978 1520 immineret,
999 1444 1065 1507 nisi
1085 1464 1146 1526 per

197 1544 439 1607 auctoritatem
464 1549 617 1605 nostram
640 1551 885 1606 revocarentur
907 1542 1045 1606 omnino
1068 1562 1146 1623 quae

196 1663 217 1705 a
240 1650 338 1706 tanto
361 1641 516 1723 principe
542 1660 642 1703 cruce
672 1642 812 1722 signato
840 1641 957 1704 taliter
984 1650 1066 1704 sunt
1086 1661 1147 1703 cx-

197 1748 301 1816 torta,
317 1748 352 1803 et
363 1741 440 1821 ipso
457 1739 595 1803 volente
609 1739 669 1802 illa
684 1740 873 1803 observari.
920 1738 1048 1817 Quare,
1065 1739 1145 1802 dum

196 1841 287 1921 apud
306 1858 369 1902 nos
388 1837 667 1920 archiepiscopus
685 1846 720 1901 et
737 1839 890 1920 episcopi
902 1837 1041 1919 Angliae
1057 1858 1146 1919 prae-

197 1946 311 2001 sentes
337 1937 535 2000 exstiterint
559 1938 593 1998 in
623 1936 769 2000 concilio
794 1936 959 2018 generali,
988 1937 1079 2019 quod
1103 1937 1146 1999 ad

197 2036 449 2118 expediendum
480 2037 592 2099 crucis
627 2037 803 2117 negotium
836 2036 1060 2117 principalius
1093 2037 1146 2098 in-

199 2136 376 2199 tendemus
414 2134 599 2210 celebrare,
636 2144 877 2216 procuratores
918 2133 1059 2197 idoneos
1103 2135 1145 2196 ad

198 2244 350 2298 nostram
380 2234 600 2315 praesentiam
630 2234 822 2308 destinetis,
852 2253 971 2296 secure
997 2253 1059 2297 vos
1088 2234 1146 2296 be·

199 2333 372 2414 neplacito
394 2340 513 2395 nostro
538 2332 813 2410 committentes3
838 2333 920 2413 qnia
941 2352 1003 2394 nos
1024 2350 1077 2407 ea,
1097 2332 1148 2395 fa·

199 2439 302 2495 vente
325 2430 486 2506 Domino,
509 2438 713 2506 statuemus,
745 2450 806 2511 per
827 2449 918 2510 qnae,
938 2431 1147 2510 gravamini-

199 2533 262 2593 bus
291 2537 328 2592 et-
347 2529 512 2592 abusibus
541 2529 583 2591 de
613 2547 719 2609 regno
742 2527 881 2607 Anglia·
912 2547 1052 2608 prorsus
1085 2547 1146 2590 cx·

199 2629 316 2704 clusis,
348 2647 409 2690 rex
442 2647 506 2690 suo
537 2627 582 2691 sit
611 2627 691 2709 jure
723 2634 758 2689 ct
789 2626 917 2689 bonore
951 2633 1147 2700 contentus,

199 2735 233 2790 et
259 2734 329 2789 tam
359 2726 470 2790 clerus
502 2745 606 2807 qnam
639 2725 787 2806 populus
820 2724 1002 2787 universus
1031 2724 1148 2787 debita

199 2845 283 2908 pace
301 2845 342 2888 ac
359 2825 518 2887 libertate
541 2825 688 2888 laetetur.
745 2824 873 2886 Datum
894 2823 1064 2904 Agnaniae
1085 2843 1147 2886 no-

200 2945 245 2988 no
261 2922 428 2987 kalendas
449 2923 672 3004 Septembris
690 2923 911 3006 pontificatus
932 2923 1040 2986 nostri
1057 2942 1148 2985 anno

200 3023 331 3085 decimo
352 3022 502 3084 octav0.’
554 3021 710 3103 Cumque
736 3023 885 3098 tandcnr,
910 3042 991 3102 rege
1015 3019 1147 3102 Anglo·

200 3142 274 3183 rum
305 3129 524 3201 procurante,
557 3130 736 3201 magnates
764 3121 902 3201 Angliae
936 3120 999 3184 has
1029 3121 1147 3184 literas

201 3229 270 3282 tam
296 3219 575 3282 commonitorias
602 3214 722 3299 ¹qnam
745 3220 1024 3282 comminatorias
1051 3239 1147 3283 acce·

199 3319 343 3399 pissent,
386 3317 569 3380 noluerunt
605 3317 769 3381 desistere
802 3318 846 3379 ab
878 3319 1051 3397 incoeptis,
1087 3318 1147 3381 sed

200 3426 298 3480 tanto
321 3417 355 3478 in
385 3436 461 3478 eum
495 3417 637 3497 gravius
663 3417 881 3496 insurgentes
907 3416 1020 3478 acrius
1045 3415 1149 3478 inses-

199 3525 272 3577 tarc
289 3523 479 3596 coeperunt.

245 3688 389 3761 Qualiter
414 3690 586 3754 Willelmus
603 3690 639 3753 de
653 3688 799 3753 Albeceia
816 3690 954 3771 Roffense
968 3696 1102 3752 cestram

485 3790 519 3852 io
534 3789 673 3852 custodie
687 3790 859 3872 susceperit.

1117 3910 1123 3923 ,
1162 3875 1254 3915 Willlnni

250 3911 389 3974 Interea
404 3930 481 3974 cum
501 3913 554 3975 vir
570 3911 695 3975 nobilis
710 3911 906 3974 Willelmus
923 3911 965 3973 de
981 3910 1148 3974 Albenero
1161 3925 1272 4014 {12ng&

198 4010 316 4072 literas
352 4020 554 4091 magnatum
588 4010 735 4074 Londini
767 4010 1050 4073 commorantium
1081 4009 1305 4113 sf⁶·⁶,{',¹2{,¹¹,‡¹,¹‡¹,⁰f

1140 4151 1147 4158 -
1161 4123 1232 4163 cutte.

408 4231 415 4263 ¹
426 4235 504 4289 Quom
515 4227 730 4300 comminatorum]
746 4234 857 4293 wanbug
869 4234 894 4281 in
909 4235 939 4281 (7.
