2970 5016
376 461 515 510 eneces
539 462 808 513 ererenrnnun.
1021 452 1067 514 ⁷5

118 641 273 704 mergere
291 622 425 700 volnit3
454 623 515 687 sed
540 622 643 687 amici
664 624 775 688 nostri
799 623 896 687 illum
922 643 945 688 e
969 626 1065 709 Tyro
1078 641 1199 681 tte-¹1⁹³-

117 721 323 784 festinanter
353 721 512 785 recedere
542 720 712 799 iecerunt,
742 722 803 803 qni
834 723 877 785 nd
904 743 968 788 noe
994 725 1064 789 cito

118 819 214 882 venit
239 826 277 883 et
296 817 396 883 nobie
423 819 492 883 ieta
514 819 699 883 nuntiarit.
752 818 829 884 Noe
845 839 928 884 vero
943 841 988 884 ex
1003 821 1066 886 ille

119 914 205 979 hore
221 915 448 980 Merchieinrn
461 916 617 981 occidere
632 915 915 995 desideravimus,
928 927 962 984 et
976 919 1064 983 duee

118 1012 243 1076 fratres
267 1013 314 1077 nd
339 1014 471 1098 Tyrum
495 1015 663 1092 minimus,
691 1015 751 1097 qni
776 1034 855 1078 eum
884 1024 1002 1099 operte
1030 1024 1065 1081 et

120 1110 190 1174 sere
202 1118 325 1175 'coram
342 1112 436 1176 omni
454 1112 584 1195 populo
603 1112 689 1194 Tyri
714 1113 923 1177 occiderunt.
976 1113 1065 1179 Heec

121 1216 236 1272 entem
260 1227 367 1273 cenea
390 1209 457 1274 snit
481 1210 603 1273 mortis
630 1209 822 1287 Mcrchisii,
844 1218 880 1275 et
903 1213 991 1275 bene
1012 1213 1065 1274 di·

120 1305 229 1370 cimus
245 1306 344 1370 vobin
366 1307 402 1371 in
426 1308 586 1383 veritate,
612 1306 705 1388 qnod
729 1307 888 1371 dominns
914 1328 978 1372 rex
1002 1309 1065 1372 Ri-

120 1401 269 1467 chardns
288 1405 326 1467 in
349 1405 414 1468 hee
439 1413 550 1469 morte
573 1403 753 1468 Merchieii
773 1404 903 1467 nullam
927 1405 1065 1488 culpam

120 1499 252 1577 hebuit,
272 1509 309 1566 et
330 1510 470 1584 propter
491 1503 558 1566 boc
574 1501 713 1565 domino
736 1500 912 1565 Richardo
937 1503 1066 1566 melum

120 1596 275 1663 fecerunt
306 1598 436 1683 injuste
469 1607 505 1663 et
538 1599 614 1663 eine
645 1616 752 1661 cenea
782 1599 950 1664 fecerunt.
1017 1601 1065 1665 Et

120 1693 240 1759 scietis
276 1715 340 1778 pro
377 1703 485 1773 certo,
514 1695 608 1778 qnod
641 1714 705 1760 noe
731 1695 865 1759 nullum
894 1697 1067 1762 hominem

120 1791 317 1875 hujusmodi
341 1813 404 1875 pro
431 1794 587 1858 mercede
614 1792 732 1876 eliqua
756 1795 812 1858 vei
833 1814 896 1876 pro
919 1797 1067 1877 pecunie

121 1890 320 1967 occidimus,
343 1891 410 1954 niei
434 1890 563 1954 melum
590 1891 690 1953 nobis
715 1892 811 1973 prius
836 1892 967 1958 fecerit.
1020 1894 1066 1957 Et

120 1986 251 2064 enatis,
267 1988 358 2069 qnod
375 1989 495 2052 literne
508 1989 595 2052 istas
608 1987 752 2053 fecimus
772 1989 809 2052 in
827 1989 930 2055 domo
947 1998 1067 2055 nostra

121 2083 166 2148 ed
197 2084 378 2149 castellnm
404 2093 561 2150 nostrum
583 2085 735 2150 Meseiec
759 2087 796 2150 in
817 2087 958 2153 dimidio
980 2089 1066 2171 Sep·

121 2182 245 2246 tembri
266 2201 382 2247 coram
406 2182 572 2247 iratribus
593 2184 733 2260 nostris,
753 2190 789 2249 et
810 2186 925 2266 sigillo
947 2194 1067 2252 nostro

120 2297 181 2344 ece
194 2280 421 2362 signavimus,
436 2300 528 2345 enno
543 2282 588 2345 eb
603 2280 805 2347 Alexandro
820 2282 896 2348 un?

155 2447 306 2531 Quomodo
319 2447 421 2537 Hono,
440 2448 603 2516 corrosio
615 2450 782 2536 epiecopus,
797 2449 882 2519 boeio
897 2453 1035 2521 omioni

478 2547 717 2634 cohorrescit.

172 2667 304 2732 Eodem
331 2675 485 2749 tempore
511 2668 633 2750 Hugo,
654 2670 849 2734 cestrensis
872 2671 1207 2773 epiecopnsffshghbggugn

121 2783 198 2829 cum
222 2765 360 2846 megnie
382 2767 527 2845 exeniis,
549 2787 628 2848 qnee
651 2786 786 2831 summo
811 2777 1216 2880 praepmv⁰r³t3n⁵⁶iiei⁶q⁹

120 2863 248 2939 studio,
267 2882 384 2945 regern
400 2864 516 2928 videre
537 2866 737 2941 maturavit,
760 2866 820 2928 sed
842 2885 950 2947 prope
973 2865 1066 2929 Cen·
1209 2857 1214 2868 ’

123 2960 272 3025 tueriam
304 2960 347 3024 de
378 2969 480 3026 nocte
506 2963 686 3045 quiescens
715 2963 981 3043 comprehensus
1014 2973 1068 3029 est

124 3065 160 3120 et
173 3058 273 3122 bonie
290 3059 449 3122 omnibns
463 3059 645 3142 spoliatus.
687 3059 879 3125 Mattheeus
895 3062 938 3125 de
953 3061 1067 3140 Clerc,

123 3155 300 3236 municeps
318 3156 540 3233 Dovereneie,
562 3156 782 3238 praedonibus
805 3159 957 3224 favorem
978 3180 1068 3241 prae·

122 3252 232 3329 stitit;
259 3253 350 3316 unde
375 3246 437 3317 ¹eb
460 3254 718 3338 archiepiscopo
736 3259 1068 3335 excommunicatus,

122 3348 153 3411 ei
168 3349 385 3426 satisfecerit,
401 3351 592 3431 ignoretur.

207 3517 257 3582 De
272 3527 366 3583 morto
381 3518 553 3585 Samiam
566 3529 595 3587 oi
603 3522 783 3588 successione
799 3521 989 3606 &prodiet

174 3635 259 3705 Per¹
274 3641 365 3705 idem
385 3649 521 3724 tempus
537 3642 756 3720 Salenfflnnr,
770 3644 926 3708 veritatis
942 3651 978 3707 et
992 3663 1069 3706 cru·
1082 3666 1151 3706 nnn
1160 3669 1184 3705 or

121 3737 172 3801 cis
188 3739 348 3820 publicae
363 3739 533 3817 inimicus,
550 3740 668 3805 divine
683 3740 981 3805 animadversione
996 3760 1070 3822 per.
1082 3716 1174 3754 Μ·

156 3963 216 4014 ¹11·
232 3966 431 4030 wehiqiecope]
455 3967 534 4016 ‘Tem
552 3969 585 4016 ab
644 3965 714 4017 ’Per
732 3968 794 4016 idem
810 3969 924 4031 terrm]
948 3969 1072 4030 Compare

121 4033 401 4096 archiepiscopoque
413 4037 446 4085 eb
460 4037 587 4097 episcopie
611 4037 654 4085 the
669 4037 798 4097 following
814 4042 922 4086 account
936 4038 998 4087 with
1014 4039 1072 4089 Jec.

121 4103 371 4232 mmmm
386 4104 523 4164 cendelie;’
539 4104 587 4155 Di·
612 4104 645 4153 de
657 4105 780 4168 vitriaco,
790 4119 817 4166 p.
830 4108 903 4155 112⁵.
