2970 5016
348 437 412 503 158
602 454 736 502 nocant
762 454 808 500 on
832 454 1038 503 wsuoovsn

185 629 241 719 pp
240 630 309 719 1111
347 613 423 678 dem
446 612 600 677 ecclesiae
617 610 844 677 cancellarius
861 612 982 676 volens
1004 610 1167 694 experiri,
1184 619 1301 674 utrum

185 730 259 778 11111.
347 720 488 796 propter
505 713 570 777 hoc
587 712 692 777 elatio
709 718 868 793 tangeret
883 712 1036 775 animum
1054 712 1130 787 viri,
1146 709 1238 774 dixit
1254 711 1299 774 ad

184 779 292 868 hhhdn
347 832 437 889 eum,
455 812 651 876 ‘Martinus
669 811 840 893 leprosum
860 811 1049 875 osculando
1068 810 1219 886 sanavit,
1236 828 1300 873 vos

345 912 513 994 leprosos,
529 931 616 993 quos
632 910 847 986 osculamini,
861 929 931 973 non
948 910 1104 973 sanatis'
1142 908 1208 972 Cui
1225 909 1298 991 epi-

347 1030 472 1093 scopus
491 1010 717 1075 incontinenti
736 1009 950 1091 respondit,‘
964 1009 1132 1072 Osculum
1152 1008 1297 1072 Martini

346 1130 485 1174 carnem
519 1109 646 1191 leprosi
679 1109 830 1185 sanavit,
863 1107 1020 1171 osculum
1048 1127 1132 1171 vero
1169 1108 1298 1190 leprosi

347 1211 498 1273 animam
520 1227 630 1272 meam
654 1207 780 1272 sanat!
832 1207 876 1271 In
899 1208 1044 1272 mortuis
1066 1226 1150 1271 sane
1172 1207 1298 1288 sepeli·

347 1309 445 1372 endis
466 1316 539 1372 tam
559 1308 707 1389 diligens
729 1306 955 1370 humanitatis
975 1305 1174 1388 obsequium
1198 1306 1299 1369 exhi·

347 1408 428 1473 bere
442 1414 682 1484 consueverat,
698 1414 737 1470 ut
753 1406 886 1469 nullum
902 1414 1076 1470 mortuum
1091 1405 1298 1487 praeteriret,

347 1507 448 1590 cujus
469 1507 657 1589 sepulturae
681 1506 906 1570 ministerium
932 1505 999 1569 sibi
1021 1512 1221 1587 competens
1244 1506 1296 1569 vi·

347 1606 497 1672 deretur.
548 1605 687 1671 Accidit
710 1613 827 1669 autem
850 1604 999 1686 quodam
1024 1611 1189 1686 tempore,
1212 1605 1297 1668 dum

347 1706 403 1770 vir
418 1713 560 1769 sanctus
577 1706 669 1768 circa
686 1706 802 1786 gregis
821 1704 875 1767 sui
896 1722 1013 1768 curam
1028 1704 1177 1784 vigilans
1193 1723 1296 1786 paro·

347 1805 442 1869 chius
465 1806 622 1870 visitaret
644 1811 680 1868 et
707 1804 751 1867 ad
774 1803 892 1867 villam
915 1803 1102 1885 quandam,
1126 1801 1296 1867 Alcmun-

348 1903 464 1968 deberi
481 1905 706 1979 nominatam,
720 1902 927 1985 perveniret,
943 1909 1103 1985 parentes
1114 1900 1296 1986 cujusdam

347 2004 502 2081 infantis,
517 2004 629 2086 ipsum
646 2022 792 2085 parvum
812 2021 911 2084 paene
928 2002 1121 2065 exanimem
1139 2000 1296 2065 deseren-

349 2110 413 2178 tes,
435 2101 604 2166 auxilium
625 2101 799 2183 pontificis
823 2100 1116 2184 lachrymabiliter
1139 2100 1295 2183 postula-

348 2201 443 2264 bant.
510 2200 683 2282 Episcopo
710 2220 793 2263 vero
824 2201 1012 2281 requirenti
1041 2200 1123 2280 quid
1154 2198 1297 2276 vellent,

348 2307 459 2362 mater
477 2300 575 2382 pueri
590 2299 779 2380 respondit,
796 2304 807 2334 ⁴
825 2299 899 2362 Iste
916 2299 1082 2381 parvulus
1101 2299 1192 2362 filius
1215 2320 1296 2362 nos·

346 2407 400 2462 ter
427 2406 559 2480 partem
587 2397 767 2482 cujusdam
799 2398 936 2462 laminae
963 2397 1082 2462 serreae
1112 2397 1296 2462 habentem

345 2499 381 2561 in
408 2498 623 2580 longitudine
651 2506 686 2561 et
712 2497 896 2561 latitudine
925 2498 1108 2581 plusquam
1134 2496 1295 2579 pollicem

345 2617 450 2661 unum
476 2617 580 2661 manu
602 2597 744 2681 recepit,
765 2604 801 2661 et
822 2616 917 2661 more
936 2597 1072 2680 parvuli
1089 2597 1132 2660 ad
1154 2616 1194 2661 os
1214 2598 1296 2661 mit·

346 2704 423 2761 tens
440 2697 636 2779 deglutivit,
658 2716 737 2778 quae
762 2697 895 2777 gutturi
914 2696 990 2780 ejus
1012 2695 1153 2760 firmiter
1174 2696 1295 2760 adhae·

345 2816 425 2860 rens
456 2817 599 2880 puerum
629 2796 715 2861 mori
744 2795 946 2879 compellit;
987 2795 1082 2859 misit
1107 2796 1226 2877 itaque
1257 2804 1295 2861 te

346 2895 529 2972 Dominus,
553 2902 652 2977 pater
673 2903 806 2970 sancte,
826 2903 865 2959 ut
884 2895 993 2958 filium
1015 2902 1171 2959 nostrum
1191 2895 1293 2959 nobis

346 2994 509 3057 restituas
535 2995 570 3056 in
597 2993 717 3058 ultimo
747 2995 830 3057 vitae
862 2994 1009 3058 articulo
1041 2994 1295 3076 palpitantem!

344 3092 457 3169 Quem
476 3091 661 3173 respiciens
683 3094 879 3176 episcopus,
901 3101 1023 3175 guttur
1039 3093 1115 3176 ejus
1133 3101 1295 3175 tangens,

344 3191 533 3266 benedixit,
557 3190 747 3257 insufflavit
766 3201 802 3256 et
821 3194 932 3256 crucis
954 3192 1151 3256 charactere
1173 3193 1295 3275 sigua·

344 3289 396 3353 vit
412 3309 452 3353 ac
472 3288 623 3367 dimisit3
647 3310 792 3373 cumque
813 3299 973 3374 parentes
996 3311 1140 3374 puerum
1156 3293 1201 3355 ab
1219 3295 1294 3375 epi-

344 3408 450 3470 scopo
472 3391 692 3471 recepissent,
714 3391 840 3454 ferrum
864 3392 1027 3455 continuo
1051 3392 1296 3472 sanguinolen-

344 3496 416 3551 tum
441 3489 594 3553 exsilivit
616 3498 652 3553 et
676 3498 821 3553 sanatus
846 3499 901 3554 est
922 3511 1008 3573 puer
1029 3511 1074 3554 ex
1104 3490 1165 3554 illa
1195 3490 1294 3556 hora.

344 3586 426 3651 Alio
448 3608 586 3670 quoque
605 3597 770 3670 tempore,
790 3590 871 3652 dum
895 3591 949 3652 vir
970 3597 1111 3653 sanetus
1139 3609 1202 3671 per
1227 3592 1293 3656 vil-

344 3686 425 3764 lam,
440 3707 518 3769 quae
534 3687 762 3751 Cestrehunte
781 3689 988 3771 appellatur,
1004 3689 1189 3752 transitum
1204 3690 1295 3754 face-

343 3794 407 3862 ret,
434 3786 716 3868 supplicaverunt
741 3807 819 3851 euru
847 3797 1008 3870 parentes
1033 3788 1214 3871 cujusdam
1238 3790 1293 3852 su-

343 3884 437 3960 riosi,
458 3886 516 3967 qui
537 3905 598 3966 por
617 3893 686 3948 tres
709 3886 942 3951 hebdomadas
967 3888 1040 3951 sine
1060 3887 1209 3950 vinculis
1233 3889 1293 3952 de-

342 3984 442 4047 tineri
461 4005 528 4047 uon
543 3984 669 4066 potuit,
686 3993 725 4048 ut
742 4006 820 4049 eum
835 3988 977 4051 visitare
993 3994 1029 4050 et
1045 3987 1076 4049 ei
1092 3988 1295 4052 benedicere

340 4082 566 4163 dignaretur;
597 4103 666 4166 quo
700 4086 830 4162 audito,
860 4088 914 4150 vir
951 4094 1092 4150 sanctus
1126 4106 1171 4150 ex
1200 4106 1293 4170 equo

339 4181 500 4247 desiliens
525 4183 568 4246 ad
594 4182 760 4248 furiosum
783 4186 938 4251 accessit.
993 4185 1080 4249 Erat
1101 4191 1216 4250 autem
1237 4206 1294 4251 ca·
