2970 5016
181 656 236 697 Ab.
247 656 303 696 1214.

338 464 404 528 294
597 475 730 526 nocant
758 475 804 521 nn
828 472 1035 521 wnnnovan

342 634 445 697 iidem
469 635 617 698 barones
640 653 661 696 a
684 631 872 714 Stephano,
896 629 1141 694 cantuariensi
1165 630 1288 695 arcbie

343 734 497 816 piscopo,
517 743 555 797 ut
573 733 776 816 praedictum
799 739 865 807 est,
880 731 915 794 in
934 731 1018 792 urbe
1036 729 1287 794 Londoniarum

343 839 561 916 acceperant.
607 831 816 897 Continebat
834 838 949 894 antem
967 829 1042 892 baec
1058 829 1182 893 charta
1195 850 1289 912 quas

343 932 423 997 dam
452 933 628 996 libertates
656 940 692 996 et
714 931 809 1012 leges
834 930 927 1012 regis
950 929 1137 993 Eadwardi
1163 938 1290 993 sancte

344 1032 499 1096 eeclesiae
521 1031 727 1113 Anglieanae
750 1029 881 1112 pariter
901 1037 938 1092 et
959 1028 1181 1109 magnatibus
1200 1030 1291 1110 regni

344 1149 539 1208 concessas,
561 1131 717 1214 exceptis
735 1129 941 1211 quibusdam
961 1128 1193 1205 libertatibus,
1208 1147 1292 1210 quas

343 1230 434 1294 idem
462 1250 525 1294 rex
551 1230 594 1293 de
618 1248 681 1293 suo
705 1229 844 1312 adjecit.
905 1227 1032 1309 Itaque
1061 1236 1293 1292 convenerunt

345 1330 497 1393 universi
523 1330 567 1393 ad
595 1329 775 1393 eeclesiam
798 1328 910 1391 sancti
936 1326 1132 1390 Eadmundi
1152 1328 1245 1409 regis
1262 1336 1293 1391 et

345 1429 524 1512 martyris,
547 1436 582 1492 et
605 1429 807 1510 incipientes
834 1446 856 1490 a
881 1425 1070 1509 majoribus
1088 1425 1293 1509 juraverunt

345 1547 449 1610 super
468 1528 580 1611 majus
601 1528 723 1603 altare,
749 1525 854 1609 quod,
875 1526 906 1590 si
930 1543 991 1588 rex
1015 1524 1110 1606 leges
1136 1533 1173 1589 et
1194 1526 1292 1590 liber·

345 1634 436 1690 tates
445 1627 646 1710 jamdictas
661 1626 848 1691 concedere
858 1623 1053 1705 diffugeret,
1066 1624 1134 1706 ipsi
1151 1626 1183 1689 ei
1198 1645 1293 1706 gner-

345 1744 419 1789 ram
443 1733 515 1790 tam
541 1725 599 1789 din
624 1733 813 1801 moverent,
838 1732 874 1788 et
897 1724 941 1787 ab
965 1723 1041 1807 ejus
1067 1723 1236 1788 fidelitate
1259 1744 1293 1787 se

294 1853 298 1862 ·
345 1825 601 1901 subtraherent,
623 1825 732 1888 donec
757 1825 807 1888 eis
828 1843 890 1905 per
912 1822 1068 1886 chartam
1093 1823 1211 1903 sigillo
1234 1843 1293 1888 sno

345 1925 514 1988 munitam
528 1924 746 1989 confirmaret
760 1924 876 1987 omnia
886 1941 965 2004 quae
981 1922 1167 2004 petebant3
1191 1932 1293 2006 atque

345 2023 381 2085 in
401 2023 466 2087 hoc
483 2024 622 2087 tandem
637 2021 865 2087 communiter
885 2029 1147 2097 consenserunt,
1165 2031 1205 2085 ut
1219 2029 1294 2104 post

345 2122 461 2185 natale
482 2122 623 2185 Domini
647 2122 750 2185 simul
775 2140 895 2185 omnes
920 2120 963 2183 ad
986 2139 1102 2202 regem
1120 2122 1294 2184 venientes

288 2244 293 2251 ·
345 2220 524 2283 libertates
560 2222 781 2303 praescriptas
810 2221 877 2283 sibi
903 2227 1060 2301 peterent
1090 2220 1295 2295 confirmari,

185 3140 279 3180 Wllllam

184 3190 287 3240 Tmmpin

346 2327 453 2399 atque
475 2318 612 2382 interim
631 2320 667 2382 in
691 2320 789 2401 equis
812 2320 878 2382 sibi
900 2328 935 2382 et
951 2319 1056 2382 armis
1079 2318 1199 2382 taliter
1221 2339 1296 2401 pro-

344 2418 513 2494 viderent,
536 2418 628 2500 quod
651 2419 681 2481 si
704 2418 792 2483 forte
813 2437 876 2482 rex
899 2437 921 2480 a
946 2419 1087 2500 proprio
1113 2418 1221 2482 vellet
1243 2437 1293 2480 re·

344 2518 464 2582 cedere
488 2511 496 2548 ¹
499 2517 711 2600 juramento,
733 2511 817 2599 ²ipsi
841 2516 997 2599 protinus
1017 2536 1079 2598 per
1103 2518 1294 2600 captionem

346 2624 538 2682 castrorum
550 2636 690 2681 snorum
705 2637 783 2681 eum
801 2617 845 2680 ad
861 2616 1133 2679 satisfactionem
1151 2616 1297 2699 compel-

346 2716 456 2780 lerent
471 2737 479 2795 3
503 2724 550 2793 et,
566 2717 620 2780 his
636 2715 686 2780 ita
702 2717 823 2797 gestie,
840 2716 1077 2798 unusquisque
1093 2716 1138 2778 ad
1160 2717 1296 2798 propria

347 2817 524 2880 remeavit.

437 2990 487 3051 De
507 2988 671 3065 Willolmo,
688 2987 795 3052 abbate
810 2989 937 3052 ecelesia
952 2988 1055 3052 saneti
1072 2986 1206 3051 Albani.

402 3110 530 3174 Eodem
554 3130 645 3176 anno
670 3111 836 3188 Johanni‚
865 3114 983 3176 abbati
1007 3112 1164 3175 ecclcsiae
1189 3113 1298 3176 sancti

184 3193 491 3286 .n020‹⁸‘⁰¹¹Albani,
514 3213 679 3274 successit
694 3204 920 3288 'willelmus
943 3211 1131 3274 monachus
1155 3211 1198 3274 de
1224 3230 1298 3293 gre-

185 3290 205 3329 θ.
216 3289 308 3330 Alban’s.

351 3309 419 3373 mio
444 3309 598 3392 ejusdem
622 3310 789 3385 ecclesiae,
814 3312 906 3375 beati
929 3309 1125 3374 Eadmundi
1147 3311 1241 3391 regis
1263 3318 1297 3372 et

350 3410 512 3491 martyris
536 3409 661 3472 celebri
688 3409 764 3472 luce
789 3417 824 3472 et
848 3409 933 3472 seria
956 3411 1078 3491 quinta
1100 3409 1298 3472 solemniter

349 3508 492 3584 electus,
515 3509 551 3571 in
577 3507 632 3571 dic
660 3507 773 3572 sancti
800 3508 952 3572 Andreae
980 3507 1142 3590 apostoli,
1177 3508 1296 3571 Domi-

349 3607 427 3671 nica
442 3607 601 3671 videlicet
615 3606 727 3689 prima
742 3606 913 3671 adventus
930 3607 1084 3683 Domini,
1101 3608 1137 3670 in
1153 3607 1296 3671 ecclesia

347 3706 441 3770 beati
474 3704 603 3769 Albani
634 3714 715 3769 ante
743 3707 857 3789 majus
890 3706 1001 3771 altare
1023 3707 1068 3769 ab
1097 3706 1297 3781 Eustachio,

347 3804 479 3868 Eliensi
498 3805 672 3886 episcopo,
692 3805 936 3887 pontificaliter
954 3814 990 3869 et
1004 3805 1206 3869 solemniter
1225 3824 1296 3868 mu·

372 3999 551 4065 Uar-amento]
561 4003 809 4069 Parisadds,‘quem
870 4001 881 4034 ⁸
897 4004 1056 4067 Willelmas]
1074 4004 1100 4052 It
1112 4020 1168 4053 was
1176 4006 1227 4054 this
1237 4005 1298 4053 Wil-

344 4073 408 4121 bene
431 4073 566 4122 credebant
589 4073 685 4122 resilire
708 4078 811 4136 propter
835 4074 894 4121 liam
906 4074 1088 4136 Trumpington
1107 4075 1166 4123 who
1189 4073 1296 4137 deposed

345 4156 417 4189 snam
429 4139 622 4203 duplicitatem!
837 4142 1099 4193 Wendorerlromhis
1110 4144 1233 4207 prioryol
1242 4143 1297 4193 Bel·

367 4206 459 4274 ²lpsi.]
478 4212 581 4274 ‘Ipsius
609 4212 635 4261 in
648 4211 703 4263 MS.
834 4213 897 4263 voir.
