2970 5016
415 495 551 544 suenus
575 495 845 544 ursrosrnnun.
1040 481 1104 545 181

149 649 273 712 ouibus
304 653 555 729 transmarinis,
585 672 664 716 cum
696 653 830 716 civibus
858 659 894 715 et
920 653 998 717 aliis
1030 656 1103 736 regi
1117 670 1239 712 uultu.

149 748 342 830 Anglorum
372 751 551 835 subjectis,
573 752 713 815 nuntios
741 752 943 815 direxerunt
970 753 1005 815 in
1028 752 1102 817 Aa·

148 848 268 928 gliam,
288 849 362 930 regi
384 850 628 914 denuntiantes
652 852 716 913 sub
741 871 811 933 qua
833 859 948 915 esseut
963 853 1102 916 calami·

149 955 222 1010 tate
248 949 442 1027 constituti,
465 958 500 1013 et
519 950 611 1031 quod
630 958 767 1032 tempus
792 952 946 1014 instabat
967 952 1101 1016 induci·

149 1065 260 1125 arum,
288 1067 358 1130 quo
392 1050 574 1131 oportebat
606 1069 665 1112 eos
694 1050 854 1114 civitates
889 1057 925 1114 et
957 1051 1101 1115 castella

148 1147 222 1227 regi
252 1146 465 1210 Francorum
494 1146 648 1226 reddere,
678 1149 734 1212 vel
768 1148 904 1213 obsides
932 1170 1020 1232 quos
1049 1151 1101 1215 illi

148 1245 314 1310 dederant
347 1246 391 1309 ad
428 1246 638 1329 perdendum
672 1248 836 1328 tradere;
873 1249 999 1331 quibus
1038 1270 1100 1314 rex

147 1342 327 1409 Johannes
349 1347 527 1428 respondit
549 1355 583 1409 et
602 1366 665 1429 per
686 1348 825 1411 nuntios
847 1349 1005 1411 omnibus
1031 1349 1101 1431 sig-

148 1443 314 1521 nificavit,
338 1453 377 1509 ut
397 1445 530 1509 nullum
549 1447 593 1509 ab
615 1447 691 1528 ipso
714 1454 957 1529 exspectarent
972 1448 1099 1512 auxili-

148 1563 218 1618 nm,
240 1544 300 1607 sed
324 1545 477 1608 facerent
496 1544 625 1627 singuli
649 1546 739 1627 quod
766 1545 830 1608 sibi
858 1546 980 1608 melius
1003 1547 1098 1609 vide·

147 1642 272 1729 batur3
296 1645 427 1726 sicque,
449 1644 646 1707 omnimoda
667 1644 865 1708 defensione
887 1645 1098 1727 inpartibus

146 1740 216 1804 illis
246 1742 436 1821 deficiente,
463 1752 539 1808 tota
564 1743 791 1820 Normanuia,
814 1743 1001 1821 Turouica,
1025 1744 1098 1809 An-

148 1840 296 1922 degavia
315 1851 351 1906 et
370 1842 542 1920 Pictavia,
563 1862 641 1906 curn
662 1843 874 1920 civitatibus,
894 1844 1046 1906 castellis
1063 1853 1098 1908 et

148 1941 250 2004 rebus
281 1942 371 2019 aliis,
402 1950 529 2024 praeter
559 1941 758 2024 Rupellam,
784 1943 898 2005 Toarz
923 1952 959 2006 et
990 1942 1098 2006 Niorz

146 2040 302 2118 castella,
322 2049 404 2105 suut
425 2043 460 2105 in
484 2041 577 2123 regis
602 2041 813 2105 Francorum
831 2041 1019 2104 dominium
1038 2041 1097 2106 de·

148 2138 276 2203 voluta.
338 2140 441 2218 Quod
472 2160 550 2204 cum
582 2142 656 2223 regi
678 2139 873 2223 Auglorum
901 2141 1096 2204 nuntiatum

146 2237 281 2315 suisset,
298 2240 502 2303 omnimodis
520 2260 599 2303 cum
619 2241 739 2321 regina
761 2260 826 2304 sua
848 2241 988 2305 vivebat
1011 2240 1096 2304 deli·

146 2337 221 2415 ciis,
244 2358 322 2401 cum
337 2360 407 2422 qua
424 2339 525 2403 simul
544 2359 581 2402 se
602 2340 748 2403 credidit
765 2341 880 2404 omnia
899 2340 1096 2422 possidere;

147 2436 297 2502 babebat
332 2446 500 2521 praeterea
534 2459 630 2521 spem
662 2440 697 2502 iu
730 2440 960 2502 immensitate
990 2458 1095 2521 pecu·

146 2535 213 2600 niae
245 2556 347 2619 quam
380 2538 581 2620 collegerat,
611 2538 711 2620 quasi
746 2558 808 2620 per
838 2539 948 2621 ipsam
980 2545 1098 2619 posset

145 2644 256 2700 terras
272 2656 360 2719 quas
377 2637 541 2701 amiserat
558 2656 732 2702 revocare.

200 2809 248 2872 De
275 2818 370 2873 morte
400 2808 578 2894 Godesridi,
601 2810 819 2874 Wintouieosis
840 2809 986 2895 episcopi,
1010 2817 1038 2873 et

365 2909 547 2973 successione
562 2910 655 2973 Petri
669 2910 706 2973 de
722 2907 875 2993 Rupibus.

197 3033 326 3097 Eodem
344 3052 449 3110 anno,
467 3031 624 3097 kalendis
640 3032 784 3116 Aprilis,
800 3033 836 3096 iu
852 3033 965 3116 prima
984 3033 1096 3098 noctis
1107 3063 1256 3104 pnsum..

145 3133 267 3214 vigilia
290 3140 409 3197 tantus
441 3134 546 3197 rubor
574 3133 610 3195 iu
642 3133 728 3197 caelo
751 3134 913 3216 apparuit
936 3133 972 3195 in
997 3143 1099 3215 parte

144 3232 338 3314 aquilonari
361 3240 397 3296 et
419 3231 590 3309 orientali,
616 3239 657 3295 ut
680 3252 783 3296 verus
810 3233 901 3314 iguis
924 3233 968 3295 ab
989 3235 1097 3298 omni·

142 3333 210 3395 bus
232 3331 441 3409 crederetur,
464 3339 509 3407 et,
534 3332 625 3414 quod
651 3331 844 3395 mirandum
868 3338 932 3408 est,
957 3333 993 3394 iu
1019 3333 1096 3415 ipso

145 3432 270 3495 rubore
289 3430 589 3495 vehementissimo
607 3430 718 3495 stellae
740 3431 906 3494 micantes
925 3449 1096 3512 apparue-

143 3538 249 3608 ruut;
275 3531 416 3594 duravit
438 3540 554 3594 autem
577 3531 651 3594 lraec
669 3531 757 3593 visio
784 3547 893 3612 usquo
916 3527 958 3591 ad
983 3530 1095 3592 noctis

142 3630 304 3694 medium.
357 3630 488 3693 Eodem
511 3638 663 3711 ternpore
682 3629 903 3704 Godesridus,
919 3626 1095 3691 Wintoui-

142 3730 234 3792 ensis
252 3730 446 3812 episcopus,
466 3729 555 3793 diem
574 3729 700 3792 clausit
717 3737 922 3802 extremum,
946 3727 1001 3789 cui
1016 3728 1098 3790 suc?

141 3830 247 3892 cessit
274 3829 401 3893 Petrus
426 3829 469 3892 de
496 3828 669 3911 Rupibus,
690 3829 743 3892 vir
769 3827 938 3909 equestris
964 3825 1094 3889 ordinis

141 3935 177 3991 ot
193 3929 228 3990 in
246 3930 348 3992 rebus
364 3928 495 3992 bellicis
511 3928 683 4005 eruditus3
701 3927 773 4009 qui,
791 3933 997 4008 procurante
1012 3944 1094 4006 rege

139 4027 315 4105 Jobanne,
338 4027 380 4091 ad
411 4029 648 4110 episcopatum
677 4027 808 4089 electus
840 4024 987 4088 Romam
1014 4044 1093 4106 pro·

141 4128 251 4191 fectus
275 4135 340 4204 cst,
368 4128 426 4190 ubi
452 4128 587 4208 magnis
611 4126 722 4189 xeniis
750 4124 938 4188 liberaliter
957 4123 1094 4188 collatis

139 4226 183 4291 ad
205 4226 386 4291 ecclesiam
405 4226 680 4290 Wintonicusem
703 4224 891 4288 maturavit
910 4224 1094 4308 episcopus
