2970 5016
454 485 592 533 anonas
616 486 884 536 maronianum.
1077 476 1143 540 377

193 644 274 726 gllae
289 650 473 724 antequam
492 662 636 724 ragnum
659 643 743 706 illud
766 652 858 708 esset
874 644 1003 710 domini
1019 667 1119 732 papae
1134 669 1279 758 Ἔπη.

193 742 254 806 sed
281 741 325 805 de
350 760 457 822 regno
482 740 619 822 Angliae
645 742 740 805 venit
762 736 976 808 ¹Willelmus
1002 746 1142 827 Longa·
1155 769 1265 808 aomo

193 840 315 923 spada,
337 849 372 903 et
393 840 493 904 multi
519 840 578 903 alii
608 859 686 902 cum
708 860 762 917 eo,
786 842 821 904 in
844 862 949 906 manu
969 845 1085 909 valida
1109 818 1295 917 etiffdi’n'n'i‘

193 948 339 1014 armata,
358 939 419 1019 qui
444 938 570 1001 damna
595 938 706 1001 multa
730 947 766 1002 et
783 940 928 1022 injurias
953 943 1145 1009 intulerunt
1154 918 1219 958 ’Μ’

192 1037 331 1100 domino
352 1036 537 1100 Lodowico
559 1037 595 1098 in
620 1044 713 1099 terra
740 1056 804 1101 sua
831 1041 983 1121 propria,
1006 1051 1041 1105 et
1066 1043 1143 1107 ideo

192 1135 351 1198 dominus
365 1143 484 1198 noster
497 1142 613 1215 potest
624 1154 762 1198 movere
773 1136 908 1218 justum
924 1139 1051 1202 bellum
1063 1160 1145 1205 con-

193 1241 248 1296 tra
261 1252 376 1313 regem
390 1232 610 1313 Anglorum.'
643 1231 700 1295 Ad
714 1233 788 1297 haec
811 1255 904 1319 papa
926 1237 1027 1314 dixit,
1050 1241 1144 1321 quod

193 1332 276 1395 licet
298 1351 361 1394 rex
378 1331 519 1412 Angliae
537 1330 685 1394 moverit
704 1332 829 1395 bellum
854 1334 1052 1413 Lodowico,
1072 1358 1143 1402 non

193 1431 267 1512 ipse
286 1438 403 1494 tamen
428 1430 568 1492 deberet
591 1430 623 1491 ei
650 1450 785 1494 movere
815 1451 971 1508 werram,
997 1435 1058 1497 sed
1082 1434 1142 1498 de·

195 1529 290 1591 beret
317 1528 481 1610 conqueri
504 1526 644 1590 domiuo
668 1529 849 1609 superiori,
874 1531 1006 1595 scilicet
1028 1552 1143 1614 papae,

193 1628 248 1690 cui
277 1627 396 1691 subest
423 1645 486 1689 rex
506 1624 645 1705 Angliae
678 1634 843 1708 tanquam
872 1630 1026 1692 vasallus
1054 1632 1142 1714 ejus.

193 1723 251 1788 Ad
282 1724 356 1788 haec
383 1725 495 1789 nuntii
524 1724 786 1804 responderunt,
810 1727 902 1807 quod
929 1730 1143 1794 consuetudo

193 1830 257 1900 est,
279 1842 325 1886 ex
347 1843 416 1905 quo
439 1822 566 1905 aliquis
581 1822 735 1885 vasallus
757 1824 900 1887 alterius
922 1834 1039 1891 movet
1054 1847 1141 1891 wer-

196 1940 268 1984 ram
296 1922 401 1986 alicui
435 1921 644 1985 auctoritate
674 1941 747 1998 sua,
774 1921 844 1999 ille,
875 1923 931 1986 cui
962 1933 1056 1989 mota
1087 1934 1142 1990 est

194 2040 316 2104 werra,
338 2027 454 2102 potest
475 2020 508 2083 ei
527 2038 664 2083 movere
682 2039 827 2083 werram
843 2023 1049 2087 auctoritate
1065 2042 1142 2101 sua,

194 2139 256 2182 nec
274 2128 410 2183 tenetur
427 2117 590 2200 conqueri
610 2118 749 2182 domino
771 2119 890 2200 illius3
915 2128 962 2197 et,
984 2122 1015 2184 si
1034 2121 1143 2185 domi·

194 2236 258 2279 nus
275 2217 352 2281 vult
366 2217 546 2280 defendere
570 2218 738 2282 vasallum
760 2236 861 2282 suum
884 2221 1047 2300 quamdiu
1070 2240 1143 2284 mo·

194 2323 254 2379 vet
275 2314 379 2377 talem
405 2333 561 2391 werram,
590 2315 664 2396 ipse
689 2316 848 2379 dominus
876 2316 1002 2381 dicitur
1028 2318 1142 2383 facere

194 2431 350 2476 werram.
397 2413 484 2477 Item
500 2414 584 2477 dicit
601 2433 704 2495 papa,
722 2414 814 2495 quod
830 2414 866 2475 in
881 2415 1035 2493 generali
1057 2437 1140 2479 con·

192 2512 271 2576 cilio
285 2518 456 2575 statutum
474 2520 539 2588 est,
556 2511 649 2593 quod
663 2513 754 2575 inter
768 2530 886 2573 omnes
903 2511 1140 2577 discordantes

193 2611 296 2673 debet
311 2629 385 2673 esse
401 2630 472 2692 pax
489 2610 543 2674 vel
560 2618 684 2690 treuga
706 2629 815 2691 usque
839 2610 883 2672 ad
905 2617 1056 2691 quatuor
1077 2630 1139 2675 an·

194 2727 257 2772 nos
287 2728 350 2790 pro
377 2728 539 2772 succursu
576 2716 678 2772 terrae
709 2715 853 2785 sanctae,
885 2716 921 2771 et
944 2709 1021 2772 ideo
1052 2717 1139 2773 tem·

194 2826 275 2888 pore
297 2807 409 2870 medio
433 2805 638 2867 Lodowicus
662 2825 731 2869 non
758 2807 860 2870 debet
877 2826 984 2888 regno
1001 2806 1140 2888 Angliaa

193 2924 335 2969 werram
348 2922 497 2968 movere.
528 2901 652 2965 Nuntii
661 2904 836 2981 dixerunt,
846 2906 938 2987 quod
952 2907 988 2969 in
1003 2926 1141 2971 recessu

194 3023 256 3066 suo
271 3023 293 3067 a
311 3003 461 3066 Francia
478 3001 684 3065 Lodowicus
707 3022 775 3066 non
796 3002 862 3067 fuit
888 3005 1072 3086 requisitus
1098 3006 1141 3069 de

193 3122 277 3184 pace
293 3102 348 3165 vel
372 3111 515 3180 treuga3
539 3107 586 3176 et,
603 3100 632 3163 si
656 3103 843 3183 requisitus
865 3112 968 3180 esset,
988 3103 1141 3168 credide·

192 3209 274 3264 runt
298 3207 431 3264 tantam
457 3218 533 3262 esse
561 3199 728 3263 malitiam
752 3201 844 3280 regis
867 3198 1020 3281 Angliae,
1049 3203 1142 3284 quod

191 3299 302 3364 noluit
318 3318 403 3380 pace
421 3298 475 3362 vel
494 3306 617 3377 treuga
631 3296 793 3378 gaudere.
834 3298 924 3361 Item
938 3298 1022 3362 dicit
1037 3318 1141 3381 papa,

191 3398 285 3480 quod
306 3417 370 3460 rex
396 3396 534 3477 Angliae
558 3416 659 3460 cruce
686 3397 844 3477 signatus
868 3405 943 3476 est;
968 3397 1070 3473 unde,
1096 3416 1142 3461 ex

192 3496 439 3561 constitutione
457 3494 629 3575 generalis
646 3495 793 3572 concilii,
807 3496 881 3577 ipse
899 3515 961 3557 rex
977 3505 1012 3559 et
1027 3497 1142 3560 omnia

193 3614 257 3659 sua
284 3596 411 3658 debent
439 3613 514 3657 esse
539 3594 603 3656 sub
631 3595 844 3674 protectione
872 3593 1038 3657 ecclesiae.
1083 3594 1141 3658 Ad

192 3694 258 3758 hoc
281 3693 393 3757 nuntii
418 3693 680 3774 responderunt,
701 3692 791 3774 quod
818 3712 879 3755 rex
901 3692 1039 3773 Angliae
1061 3702 1142 3756 ante
1177 3696 1183 3704 '

191 3812 326 3857 crucem
342 3799 514 3873 sumptam
532 3810 676 3854 werram
699 3798 856 3855 moverat
870 3790 1010 3854 domino
1029 3790 1143 3854 Lodo-

238 3957 400 4009 ¹Willelmas
435 3959 604 4021 Loagorpodu.
640 3958 652 4019 ]
679 3971 736 4005 nem
758 3970 842 4018 regern
865 3971 923 4004 cum
949 3957 1032 4018 ipsius
1054 3970 1143 4018 uxore,

193 4028 350 4079 ‘Transtulit
365 4044 392 4076 se
410 4028 444 4076 ad
459 4032 557 4088 partem
569 4027 654 4074 Ludo·
679 4032 754 4086 rupto
777 4026 873 4074 foedare
895 4026 1015 4085 naturali,
1040 4027 1143 4074 commi·

191 4101 241 4149 vici
259 4105 285 4148 et
302 4113 359 4147 eurn
372 4100 441 4159 juvit
459 4098 506 4145 hac
526 4097 581 4145 sola
597 4110 654 4157 ape·
680 4098 742 4144 sisse
765 4096 899 4155 incestum,
920 4096 981 4143 duni
1004 4096 1059 4156 ipsa
1075 4100 1144 4151 esset

191 4169 250 4218 ciali
265 4182 344 4216 cansa
356 4167 459 4226 ductus,
470 4166 530 4226 quia
546 4166 570 4213 ei
588 4169 655 4213 certo
680 4166 705 4213 in
717 4165 825 4212 Francia
842 4165 937 4214 carceri
956 4165 1115 4225 mancipatur
1126 4164 1143 4223 ;’

191 4238 303 4286 innotuit
327 4236 442 4299 relatore,
464 4236 560 4284 dictum
578 4235 655 4284 Joan-
682 4235 762 4296 Brito,
774 4248 800 4294 p.
813 4237 869 4283 11⁰.
1128 4244 1136 4249 ’·
