2970 5016
418 455 483 518 144
673 469 806 517 nonunt
831 470 877 517 nn
900 468 1106 517 wnnoovnn

258 642 379 682 enum.
418 626 497 689 liter
524 626 741 708 postmodum
773 627 817 689 ab
850 625 943 689 illins
971 624 1124 688 ecclesiae
1156 624 1373 707 subjectione

419 725 639 802 desciverint,
665 726 738 789 baec
761 744 868 789 causa
890 732 968 802 est;
999 722 1170 805 Tempore
1192 743 1262 804 quo
1282 743 1370 804 gens

420 822 612 906 Anglorum
635 825 670 888 iu
688 825 855 908 majorem
873 823 968 887 venit
989 822 1219 898 Britanniam,
1235 830 1274 886 ut
1292 841 1370 884 eam

420 923 635 1005 subjugaret,
652 931 687 987 et
699 943 761 986 rex
778 924 959 986 Britonnm
972 920 1262 1002 Uterpeudragon
1275 922 1369 1003 apud

421 1020 657 1086 verolamium
668 1021 867 1085 infirmitate
884 1020 1090 1101 gravissima
1100 1018 1261 1083 detentus
1276 1020 1369 1082 lecto

420 1119 650 1199 decumberet,
667 1122 718 1184 ita
732 1129 772 1184 ut
788 1140 850 1184 nec
868 1119 933 1182 sibi
951 1137 1014 1181 nec
1032 1137 1140 1199 regno
1162 1137 1227 1181 suo
1248 1126 1371 1182 contra

420 1220 643 1284 barbarorum
675 1220 802 1283 rabiem
835 1218 1019 1282 subvenire
1048 1217 1231 1298 potuisset,
1261 1216 1372 1280 fertur

421 1315 616 1399 Anglorum
649 1318 850 1400 superstitio
886 1318 923 1379 in
959 1323 1093 1380 tantum
1132 1315 1371 1397 praevaluisse,

420 1417 526 1498 quod,
539 1424 679 1481 vastata
701 1417 771 1481 fere
791 1436 813 1480 a
835 1416 921 1479 mari
945 1412 1116 1497 usquead
1133 1415 1369 1490 mareinsnla,

420 1516 576 1580 ecclesiae
592 1535 701 1580 sacrm
718 1515 763 1580 ad
785 1515 897 1579 solum
912 1532 1023 1596 usque
1045 1513 1369 1594 complanarentur3

421 1614 601 1695 pontifices
618 1635 700 1679 vero
723 1622 758 1678 et
781 1613 1001 1678 eeclesiarum
1023 1612 1170 1694 praelati,
1190 1622 1370 1676 cernentes

420 1713 544 1794 patriae
575 1712 821 1778 desolationem
853 1712 955 1774 simul
989 1719 1025 1774 et
1057 1711 1211 1775 ecclesiae
1237 1720 1370 1774 sanctae

420 1811 691 1889 subversionem,
719 1818 933 1875 recesserunt
958 1809 1002 1872 ad
1036 1809 1115 1872 loca
1145 1810 1286 1883 tutiora,
1314 1809 1372 1872 de-

421 1919 599 1974 cernentes
628 1912 855 1976 communiter
887 1908 1007 1972 sanius
1041 1927 1117 1971 esse
1146 1909 1370 1971 barbarorum

422 2009 550 2072 rabiem
581 2011 626 2072 ad
656 2019 791 2092 tempus
821 2009 1006 2083 declinare,
1035 2026 1139 2089 quam
1170 2009 1261 2070 inter
1291 2008 1371 2070 fidei

422 2105 630 2171 Christianae
656 2109 800 2172 rebelles
823 2109 897 2171 sine
921 2105 1036 2170 fructu
1060 2106 1221 2169 residere.
1273 2106 1372 2170 Inter

421 2225 510 2287 quos
532 2213 674 2270 sauctus
692 2207 874 2288 Sampson,
893 2206 1121 2269 Eboracensis
1141 2204 1372 2287 archiepisco·

421 2324 496 2386 pus,
518 2305 653 2368 eximiae
668 2305 722 2368 vir
744 2304 954 2381 sanctitatis,
972 2304 1015 2367 ad
1044 2323 1126 2367 suos
1148 2305 1310 2368 concives
1336 2306 1372 2367 in

421 2403 586 2467 minorem
617 2405 799 2486 aufugiens
827 2403 1056 2479 Britanniam,
1087 2403 1145 2484 qui
1176 2423 1220 2466 ex
1250 2403 1370 2466 eodem

420 2522 545 2583 genere
571 2512 669 2568 erant
685 2512 720 2568 et
737 2512 853 2585 gente,
871 2503 1026 2585 pallium,
1049 2501 1140 2584 quod
1164 2521 1186 2564 a
1208 2501 1371 2565 Romano

419 2612 618 2685 susceperat
647 2603 821 2685 pontifice,
843 2622 959 2666 secum
985 2602 1161 2684 portavit3
1194 2620 1263 2683 quo
1291 2620 1370 2665 curn

420 2703 633 2783 pervenisset
655 2710 690 2766 et
712 2722 734 2766 a
761 2703 833 2767 suis
856 2701 1056 2766 concivibus
1080 2700 1265 2763 honorifice
1281 2720 1360 2762 sns-

420 2809 541 2883 ceptus
565 2803 699 2877 suisset,
723 2802 766 2864 ad
784 2801 946 2865 Dolensis
963 2799 1116 2862 ecclesiae
1133 2799 1371 2880 praesulatum,

420 2918 499 2980 quae
518 2920 627 2982 nuper
644 2901 757 2965 suerat
773 2908 912 2981 pastore
928 2898 1084 2973 viduata,
1101 2899 1273 2962 communi
1298 2917 1372 2961 om·

421 2998 514 3059 nium
529 2998 774 3062 deliberatione
791 3000 973 3081 episcopus
991 2998 1122 3061 electus
1138 3005 1203 3073 est,
1221 3005 1269 3073 et,
1289 3017 1372 3077 rege

421 3097 641 3174 concedente,
655 3098 735 3161 licet
757 3097 902 3161 multum
926 3096 1077 3160 renitens
1093 3096 1346 3160 inthronisatus
1362 3117 1371 3173 3

421 3194 457 3256 in
479 3193 540 3257 illa
561 3204 676 3259 autem
694 3197 851 3272 ecclesia,
875 3196 989 3279 quoad
1008 3196 1110 3271 vixit,
1135 3196 1254 3278 pallio,
1278 3195 1370 3277 quod

421 3293 465 3355 ab
484 3293 694 3359 Eboracensi
711 3297 919 3360 monasterio
937 3295 1121 3371 detulerat,
1142 3314 1227 3357 usus
1249 3299 1313 3368 est,
1338 3302 1373 3357 et

421 3410 658 3457 successorum
676 3395 752 3479 ejus
768 3395 867 3458 multi
889 3401 969 3476 post
983 3392 1092 3456 illum.
1139 3392 1274 3457 Deinde
1290 3412 1373 3456 vero

421 3511 520 3573 reges
543 3492 636 3558 illius
656 3495 856 3576 provinciae,
871 3512 948 3556 cum
967 3493 1003 3555 in
1024 3512 1131 3573 regno
1155 3492 1294 3574 proprio
1316 3510 1372 3554 ar-

421 3590 676 3675 chiepiscopum
710 3593 914 3669 habuerunt,
946 3611 1015 3655 non
1046 3590 1275 3674 permiserunt
1301 3590 1373 3672 epi·

420 3708 544 3772 scopos
571 3711 666 3768 suos,
693 3694 752 3774 qui
777 3700 880 3755 antea
904 3710 1039 3772 semper
1063 3689 1273 3771 suffraganei
1297 3689 1373 3753 fno-

422 3797 500 3852 rant
520 3791 673 3853 ccclesiae
695 3791 920 3866 Turonensis,
944 3789 1090 3871 praelato
1113 3789 1373 3871 archiepiscopo

422 3886 617 3953 'l'uronensi
636 3889 785 3952 debitam
809 3889 1006 3971 impendere
1023 3887 1277 3966 obedientiam3
1303 3895 1374 3951 sta-

423 3995 572 4064 tuentes,
605 3996 643 4053 nt
673 3989 715 4051 de
745 3997 870 4052 caetero
899 3988 1039 4051 minoris
1067 3986 1258 4050 Britannia>
1284 4007 1374 4069 prae-

421 4085 514 4148 sules
531 4088 635 4149 aliurn
655 4088 957 4170 metropolitanum
982 4105 1085 4170 quam
1108 4086 1294 4149 Dolensem
1319 4105 1375 4148 ar-

420 4182 673 4268 chiepiscopum
690 4207 758 4250 non
774 4187 949 4251 haberent.
998 4185 1221 4250 Postmodum
1245 4192 1375 4259 autem,
