2970 5016
341 454 406 519 364
595 468 728 516 nocnru
755 469 801 515 ou
823 464 1030 515 wunnovnn

179 642 303 682 nnun.
341 630 413 711 qui,
436 647 513 691 cnm
540 627 583 690 ad
610 643 727 708 regem
748 623 948 707 Philippum
968 625 1195 706 pervenisset,
1216 644 1295 706 por·

342 727 433 792 rexit
452 728 484 790 ei
510 727 629 791 literas
657 745 702 789 ex
725 732 825 808 parte
850 723 978 788 domiui
1003 742 1104 805 papae
1131 723 1295 805 depreca-

341 827 461 901 torias,
495 827 530 889 in
560 827 685 909 quibus
717 824 971 899 continebatur,
1005 843 1047 886 ne
1077 824 1295 905 permitteret

341 926 449 989 lilium
465 944 566 989 snum
584 924 807 988 Lodowicum
824 923 989 1004 Angliam
1008 922 1183 986 hostiliter
1199 922 1294 986 adire

341 1025 397 1090 vel
426 1045 543 1107 regem
569 1023 763 1106 Anglorum
792 1023 985 1104 inquietare
1010 1022 1046 1084 in
1075 1021 1209 1104 aliquo,
1235 1021 1295 1085 sed

340 1124 454 1207 ipsum
480 1134 519 1188 nt
537 1123 706 1188 Romanae
728 1123 882 1187 ecclesiae
902 1121 1072 1185 vasallum
1096 1128 1296 1203 protegeret

342 1232 378 1288 et
399 1225 571 1306 diligeret,
597 1223 697 1307 cujus
720 1241 864 1304 regnum
890 1221 933 1285 ad
964 1221 1161 1285 Romanam
1185 1220 1295 1284 eccle·

340 1324 428 1387 siam
460 1323 594 1387 ratione
627 1321 769 1385 dominii
801 1321 1006 1403 pertinebat.
1070 1320 1152 1384 Rex
1178 1328 1295 1385 autem

343 1422 566 1497 Francorum,
589 1441 666 1485 cum
691 1421 765 1485 haec
782 1422 889 1484 verba
911 1419 1152 1495 intellexisset,
1175 1421 1295 1484 incon·

341 1522 465 1586 tinenti
482 1522 672 1604 respondit,
688 1529 697 1559 ‘
715 1520 878 1602 Regnum
894 1518 1033 1601 Angliae
1048 1519 1295 1602 patrimonium

344 1620 440 1686 Petri
476 1640 651 1703 nunqnam
682 1619 761 1696 l'uit,
794 1638 857 1682 nec
890 1626 956 1696 est,
990 1638 1052 1682 nec
1082 1618 1160 1683 erit.
1216 1619 1295 1683 Rex

342 1722 433 1784 enim
456 1720 480 1783 J
483 1720 650 1796 ohannes,
671 1719 790 1783 multis
812 1718 994 1782 retroactis
1016 1718 1150 1794 diebus,
1174 1719 1295 1782 volens

341 1820 483 1884 fratrem
506 1839 606 1883 suum
629 1839 744 1901 regem
762 1817 975 1882 Richardum
990 1837 1012 1881 a
1029 1837 1136 1899 regno
1154 1816 1295 1899 Angliae

343 1920 472 2004 injuste
498 1921 646 2002 privare,
674 1928 707 1981 et
728 1918 808 1981 inde
830 1918 873 1981 de
896 1917 1088 1999 proditione
1110 1925 1296 1981 accusatus

343 2028 380 2082 et
402 2039 517 2083 coram
543 2039 584 2082 eo
605 2018 797 2094 convictus,
827 2018 1011 2080 damnatus
1035 2016 1102 2079 fuit
1121 2036 1185 2098 per
1201 2017 1295 2100 judi-

344 2118 434 2180 cium
470 2119 504 2181 in
538 2118 634 2180 curia
670 2118 779 2200 ipsius
812 2117 915 2197 regie,
946 2135 1050 2199 quam
1085 2117 1293 2180 sententiam

343 2215 584 2298 pronuntiavit
604 2215 712 2297 Hugo
737 2216 780 2279 de
804 2214 929 2291 Pnsaz,
954 2216 1137 2297 episcopus
1164 2215 1296 2279 Dnnel-

345 2315 498 2393 mensis3
531 2315 641 2378 etita
667 2335 734 2378 non
762 2315 827 2379 suit
855 2334 957 2378 verns
987 2334 1062 2390 rex,
1090 2334 1154 2378 nec
1181 2316 1295 2397 potuit

344 2433 488 2496 regnum
519 2414 613 2478 dare.
681 2414 783 2490 Item,
815 2416 845 2477 si
874 2413 1061 2498 aliquando
1094 2413 1161 2477 luit
1191 2433 1295 2477 verns

344 2533 420 2592 rex,
452 2522 575 2598 postea
600 2534 745 2596 regnum
773 2513 940 2577 forisfecit
963 2533 1024 2596 per
1054 2521 1199 2577 mortem
1227 2512 1296 2576 Ar·

345 2613 451 2690 thuri,
475 2614 517 2677 de
548 2633 618 2696 quo
650 2613 742 2677 sacto
774 2613 1021 2677 condemnatus
1051 2612 1117 2676 suit
1140 2613 1297 2677 incuria

344 2713 489 2776 nostra?
541 2713 631 2776 Item
653 2712 755 2789 dixit,
777 2712 870 2795 qnod
899 2713 1014 2775 nullus
1037 2732 1099 2775 rex
1122 2712 1180 2775 vel
1202 2713 1297 2794 prin·

344 2831 425 2894 ceps
448 2819 563 2895 potest
585 2813 667 2875 dare
690 2831 834 2893 regnum
854 2831 954 2875 suum
975 2813 1049 2875 sine
1067 2831 1214 2874 assensn
1234 2813 1296 2874 ba·

344 2931 465 2976 ronum
499 2931 652 2988 suorum,
678 2913 737 2994 qni
767 2931 910 2992 regnum
938 2910 1023 2973 illud
1051 2919 1213 2974 tenentur
1241 2911 1296 2973 de·

344 3010 503 3088 sendere;
528 3020 574 3086 ot,
591 3011 620 3072 si
638 3030 730 3093 papa
745 3012 836 3074 hunc
858 3030 1005 3074 errorem
1024 3011 1114 3073 tueri
1134 3010 1295 3074 decreve-

344 3111 402 3186 rit,
425 3110 752 3190 perniciosissimum
774 3111 890 3192 regnis
907 3110 1065 3172 omnibus
1086 3109 1147 3173 dat
1166 3103 1297 3173 ¹exem-

345 3207 451 3289 plum.
497 3208 597 3272 Tunc
625 3229 762 3292 qnoque
793 3217 974 3290 magnates
997 3228 1116 3273 omnes
1144 3229 1213 3273 uno
1237 3229 1296 3273 ore

345 3308 494 3370 clamare
523 3317 714 3390 coeperunt,
740 3309 831 3391 quod
861 3329 924 3391 pro
952 3309 1020 3372 isto
1050 3309 1198 3372 articulo
1225 3316 1297 3372 sta·

345 3416 422 3470 rent
439 3426 549 3488 usque
568 3408 611 3470 ad
635 3415 791 3484 mortem,
815 3417 854 3471 nt
870 3408 1031 3472 videlicet
1047 3408 1111 3470 rex'
1126 3409 1182 3471 vel
1205 3409 1296 3490 prin·

344 3525 425 3587 ceps
448 3526 509 3588 per
531 3506 640 3570 solam
663 3507 875 3571 voluntatem
895 3527 995 3571 suam
1018 3514 1135 3589 posset
1151 3527 1297 3588 regnum

344 3605 425 3669 dare
449 3605 504 3669 vel
528 3607 747 3670 tributarium
772 3606 898 3683 lacere,
924 3607 1015 3670 unde
1044 3607 1177 3670 nobiles
1200 3607 1297 3689 regni

344 3704 561 3768 efficerentur
586 3706 689 3769 servi.
743 3703 836 3769 Acta
858 3714 972 3769 aulem
996 3714 1078 3770 sunt
1101 3706 1177 3769 haec
1204 3706 1297 3789 apud

345 3803 553 3886 Lugdunum
577 3804 632 3867 die
652 3805 784 3868 decimo
807 3806 929 3889 quinto
952 3814 1033 3888 post
1051 3804 1202 3869 Pascha.

392 4010 398 4040 ¹
418 4012 571 4074 Exemplum.
590 4011 600 4074 ]
647 4011 805 4073 Goggeshale
831 4012 931 4060 chester
942 4012 993 4059 and
1004 4011 1088 4060 others
1098 4017 1124 4061 lo
1134 4018 1298 4063 remonstrare

343 4084 439 4143 writes,
458 4081 522 4141 that,
541 4082 616 4130 when
635 4081 703 4130 John
727 4081 805 4130 found
833 4080 895 4129 with
906 4081 1076 4144 l‘lrilip,‘sed
1088 4082 1233 4132 inexauditi
1242 4088 1299 4133 snut

344 4153 398 4201 that
412 4152 489 4199 bouis
500 4166 555 4200 was
572 4151 686 4199 resolved
698 4157 723 4199 to
735 4166 806 4200 corne
833 4152 926 4200 reversi
936 4146 955 4211 ;’
973 4167 1000 4213 p.
1014 4155 1070 4200 lll.

343 4236 411 4284 over,
423 4221 454 4271 he
472 4226 527 4270 aeut
540 4221 582 4270 the
597 4221 687 4282 bishop
698 4221 727 4270 oi
736 4222 807 4269 Win-
