2970 5016
466 482 605 530 rhenus
628 484 898 536 ursronrannu.
1092 477 1156 543 311

202 657 310 717 suos;
345 640 453 703 salvis
485 641 765 725 archiepiscopis,
805 645 987 729 episcopis,
1020 649 1154 716 abbati·
1167 665 1222 705 Μ)-
1233 669 1288 708 ¹21⁵.

156 772 161 781 ·
203 738 280 813 bus,
306 739 489 820 prioribus,
513 740 735 823 Templariis,
762 742 1025 826 Hospitalariis,
1048 715 1249 813 comi-iffi}

203 836 308 914 tibus,
330 839 529 915 baronibus,
551 840 730 916 militibus,
750 850 787 905 et
803 845 963 907 omuibus
986 846 1063 909 aliis
1082 855 1152 911 tam

201 936 444 1000 ecclesiasticis
460 939 617 1020 personis
633 958 737 1021 quam
759 942 997 1019 saecularibus,
1014 945 1154 1011 liberta-

202 1033 293 1097 tibus
308 1043 343 1098 et
354 1036 470 1099 liberis
483 1037 802 1115 consuetudinibus,
816 1060 904 1121 quas
916 1043 1011 1122 prius
1026 1043 1152 1109 habue-

200 1141 292 1196 runt.
347 1133 415 1197 His
432 1135 602 1212 testibus,'
617 1143 652 1199 et
668 1144 804 1200 caetera.
860 1139 1054 1204 Libertates
1069 1163 1158 1208 vero·

200 1229 242 1293 de
266 1232 395 1295 foresta
416 1242 452 1297 et
468 1234 585 1297 liberae
607 1237 883 1313 consuetudines,
907 1259 984 1320 quoe
1008 1259 1085 1303 cum
1111 1242 1152 1305 li-

199 1330 390 1393 bertatibus
415 1333 625 1414 praescriptis
654 1335 690 1396 in
717 1354 786 1397 una
813 1336 979 1401 schedula
1006 1358 1069 1420 pro
1095 1343 1149 1404 sui

199 1415 391 1511 capacitate
420 1433 588 1494 contineri
614 1433 855 1513 nequiverant,
881 1436 916 1497 in
943 1436 1006 1500 bac
1029 1437 1149 1502 charta

199 1528 395 1610 subscripta
413 1531 634 1594 continentur
650 1532 716 1594 sub
734 1531 799 1596 hac
814 1532 943 1612 sorma3

473 1702 522 1766 Do
538 1700 730 1768 liberter-iles
737 1703 875 1788 foresta.

249 1833 257 1859 ‘
272 1826 294 1889 J
299 1826 464 1904 ohannes,
484 1827 552 1890 Dei
572 1828 686 1909 gratia
703 1848 766 1892 rex
784 1828 935 1911 Angliee,
957 1837 993 1893 et
1009 1837 1146 1894 caetera.
1158 1849 1267 1890 sumta

199 1926 324 1988 Sciatis
354 1926 446 2008 quod
471 1925 599 1989 intuitu
626 1927 705 2003 Dei,
734 1936 770 1991 et
793 1947 857 2009 pro
882 1929 997 1993 salute
1023 1899 1243 1992 animem

198 2033 325 2087 nostrae
356 2032 392 2088 et
414 2026 604 2089 animarum
631 2034 889 2090 antecessorum
914 2035 948 2090 et
970 2047 1147 2091 successo-

197 2142 273 2185 rum
299 2131 507 2199 uostrorum,
535 2124 579 2186 ad
606 2125 856 2189 exaltationem
882 2134 1011 2190 sanctae
1039 2127 1146 2190 eccle-

197 2223 258 2285 siae
289 2229 325 2285 et
359 2222 633 2286 emendationem
667 2225 765 2306 regui
799 2226 920 2300 nostri,
952 2234 1146 2307 spontanea

196 2328 232 2383 et
256 2321 348 2384 bona
370 2322 550 2385 voluntate
573 2331 693 2387 nostra
715 2324 883 2400 dedimus,
902 2326 1144 2401 concessimus,

195 2439 260 2500 pro
291 2417 390 2483 'nobis
425 2429 460 2484 et
484 2420 678 2484 haeredibus
706 2423 847 2499 nostris,
873 2422 936 2486 has
966 2423 1143 2487 libertates

193 2519 418 2600 subscriptas,
440 2519 615 2582 habendus
637 2527 673 2582 et
688 2521 853 2584 tenendas
875 2521 911 2583 in
934 2539 1041 2601 regno
1065 2541 1142 2584 nos-

194 2625 247 2680 tro
265 2615 404 2699 Angliae
424 2619 459 2680 iu
478 2626 693 2701 perpetuum.
747 2619 790 2681 Iu
811 2618 941 2701 primis,
959 2638 1078 2681 omnes
1094 2620 1143 2683 t'o-

193 2723 307 2793 restae,
331 2736 418 2799 quas
445 2736 508 2780 rex
538 2716 713 2780 Henricus
741 2737 828 2781 avus
857 2723 975 2781 noster
1001 2717 1142 2781 afferes·

193 2816 293 2891 tavit,
312 2816 496 2880 videantur
520 2835 583 2897 per
604 2817 730 2897 probos
755 2824 791 2880 et
808 2816 938 2896 legales
964 2816 1140 2894 homines3

193 2922 240 2991 et,
261 2914 291 2976 si
311 2916 453 2979 boscum
477 2914 626 2996 aliquem
654 2916 760 2979 alium
785 2934 888 2996 quam
910 2934 1011 2978 suum
1033 2915 1143 2977 domi-

193 3014 308 3076 nicum
341 3014 594 3077 afforestaverit
628 3015 671 3078 ad
710 3015 873 3077 damnum
911 3014 1004 3078 illius
1041 3014 1141 3098 cnjus

193 3113 317 3175 boscus
339 3111 455 3188 fuerit,
479 3111 597 3176 statim
626 3113 913 3192 deafforestetur3
941 3122 989 3190 et,
1011 3114 1041 3176 si
1064 3115 1142 3177 bos-

193 3230 271 3273 cum
296 3230 397 3274 suum
421 3211 597 3292 proprium
615 3212 878 3288 afforestaverit,
897 3220 1074 3276 remaneat
1092 3213 1142 3276 fo·

193 3320 297 3386 resta,
317 3311 416 3373 salva
434 3311 628 3373 communia
647 3311 691 3374 de
711 3311 876 3392 herbagio
895 3318 930 3374 et
947 3311 1048 3373 rebus
1064 3311 1142 3373 aliis

193 3409 227 3470 in
250 3409 369 3472 eadem
390 3409 521 3472 foresta
536 3410 604 3472 illis
620 3411 679 3492 qui
700 3429 777 3472 eam
799 3411 894 3491 prius
917 3408 1043 3471 habere
1060 3427 1141 3472 con-

192 3517 391 3571 sueverunt.
446 3508 627 3585 Homines,
653 3510 713 3590 qui
741 3515 881 3571 manent
906 3515 1008 3570 extra
1034 3507 1141 3570 fores·

193 3614 277 3682 tam,
306 3627 375 3670 non
398 3608 541 3670 veniant
568 3609 611 3672 de
640 3615 767 3671 caetero
797 3626 913 3670 coram
936 3605 1142 3689 justiciariis

194 3706 322 3768 nostris
344 3706 387 3769 de
410 3707 539 3769 tbresta
559 3726 620 3788 per
640 3725 837 3770 communes
859 3705 1142 3780 submonitiones

193 3803 260 3866 uisi
276 3805 347 3868 sint
364 3805 400 3868 in
420 3806 561 3886 placito,
578 3805 633 3869 vel
651 3805 756 3887 plegii
773 3804 922 3888 alicujus
937 3804 993 3867 vel
1010 3803 1142 3885 aliquo·

191 3922 269 3965 rum
281 3904 341 3986 qui
355 3904 536 3967 attachiati
550 3911 632 3967 suut
643 3911 784 3986 propter
794 3900 972 3968 forestam.
1012 3901 1141 3964 Omnes

192 4010 307 4066 autem
324 4004 431 4080 bosci,
444 4002 504 4086 qui
518 4003 658 4066 fuerunt
672 4003 862 4066 afforestati
876 4022 938 4084 per
951 4020 1066 4082 regem
1081 4000 1142 4063 Ri-

193 4102 359 4166 chardum
375 4102 515 4166 fratrem
533 4109 701 4177 nostrum,
715 4102 831 4164 statim
846 4101 1142 4175 deafforestentur,

192 4201 258 4264 nisi
280 4202 408 4266 suerint
424 4201 587 4265 dominici
609 4200 703 4264 bosci
727 4201 847 4264 nostri.
901 4198 1140 4282 Arcbiepisco·
