2970 5016
456 459 595 508 rnonns
619 459 890 511 nrsronrnnon.
1078 449 1144 515 257

190 618 358 701 injustum
383 619 489 682 suisse
511 619 600 682 idem
620 618 761 694 bellum,
786 620 878 700 quod
902 620 945 683 ad
970 621 1280 686 nebahan-anuo.

191 718 273 781 dnm
308 738 424 799 regem
453 717 646 800 Anglorum
675 727 888 800 susceperat,
920 740 997 783 cum
1027 722 1143 785 nullus

192 826 447 882 antecessorum
473 837 613 881 suorum
632 818 692 901 jus
715 816 855 899 aliquod
883 820 948 882 sibi
977 820 1144 884 hactenns

191 917 227 980 in
254 937 361 999 regno
381 917 521 998 Angliae
539 916 778 993 vendicasset3
802 916 965 999 adjunxit
989 920 1143 1002 insuper,

192 1016 283 1097 quod
309 1036 371 1079 rex
397 1017 607 1080 Francorum
635 1023 745 1078 terras
766 1034 848 1078 suas
875 1025 909 1080 et
926 1018 1071 1082 castella
1092 1020 1145 1083 in-

187 1115 283 1197 juste
300 1125 531 1197 occupaverat
548 1123 583 1178 et
601 1123 807 1197 occupatam
824 1114 1061 1182 haereditatem
1084 1138 1143 1182 su-

192 1233 248 1277 am
275 1221 397 1278 contra
416 1215 589 1298 justitiam
612 1214 801 1290 detinebat,
829 1235 936 1296 quare
963 1236 1041 1280 cum
1066 1216 1143 1301 ipso

191 1315 236 1378 ad
252 1314 417 1396 Angliam
436 1315 552 1380 venire
571 1314 722 1378 nolebat.

236 1489 278 1553 Ut
292 1510 346 1552 rac
361 1489 560 1552 Francorum
574 1489 609 1553 ia
626 1489 761 1553 comitam
776 1489 944 1554 Flcadciae
959 1493 1104 1576 impetam

603 1589 728 1671 feccrit.

243 1708 416 1796 Cumque¹
437 1733 499 1778 rex
519 1713 729 1777 Francorum
753 1733 775 1777 a
797 1715 922 1779 comite
939 1714 1144 1779 Flandrensi
1157 1737 1228 1788 rnnp

192 1815 277 1879 talia
293 1814 459 1889 audisset,
472 1814 524 1875 ira
536 1812 730 1877 vehementi
750 1813 940 1890 incanduit,
963 1815 1144 1897 ipsumque
1156 1789 1265 1878 ffl'rc

191 1912 347 1977 diffidens
358 1934 380 1977 a
395 1914 491 1977 curia
506 1932 571 1976 sua
584 1912 765 1976 confestim
779 1912 937 1976 recedere
955 1914 1121 1996 praecepit
1134 1934 1143 1997 3

193 2033 262 2096 quo
279 2013 472 2090 recedente,
491 2031 552 2076 rex
567 2011 778 2075 Francorum
799 2019 926 2075 terram
942 2014 1079 2077 comitis
1094 2015 1146 2077 in·

193 2132 333 2194 gressus
353 2113 432 2193 igne
452 2131 494 2175 ac
513 2111 605 2176 ferro
623 2130 771 2193 quaeque
790 2111 855 2174 sibi
870 2113 973 2176 obvia
990 2112 1145 2195 depopu-

192 2211 296 2275 lando
324 2211 549 2294 consumpsit.
601 2209 731 2274 Nautis
758 2220 926 2293 praeterea
958 2219 993 2275 et
1023 2213 1146 2277 classis

192 2330 265 2375 snae
280 2311 493 2386 custodibus,
507 2310 566 2392 qni
584 2309 617 2372 in
633 2309 724 2374 ostio
739 2309 909 2391 Sequanae
925 2310 1088 2389 fluminis,
1105 2320 1146 2376 ut

193 2410 431 2492 praediximus,
454 2416 744 2492 exspectaverant
768 2428 846 2471 cum
871 2409 1081 2474 victualibus
1110 2419 1146 2476 et

193 2510 311 2587 armis,
333 2509 555 2590 significavit,
574 2516 745 2590 qnatenus
768 2507 933 2571 dilatione
952 2511 1146 2591 postposita

193 2628 313 2673 versus
341 2610 468 2686 Swine,
496 2607 670 2671 Flandriae
693 2613 843 2688 portum,
860 2606 938 2670 vela
960 2607 1147 2689 dirigerent

193 2716 299 2790 atque
312 2708 347 2771 in
363 2728 441 2772 eum
462 2706 545 2771 illuc
561 2706 677 2770 venire
700 2706 906 2787 quantocius
923 2705 1145 2786 festinarent3

194 2808 285 2890 quod
307 2807 357 2872 ita
374 2808 503 2871 factum
521 2813 586 2870 est.
632 2804 757 2869 Comes
782 2804 1017 2881 Flandrensis,
1040 2807 1147 2887 impe-

194 2915 267 2971 tum
291 2906 485 2989 saepedicti
507 2905 600 2987 regis
618 2905 802 2987 plurimum
821 2905 958 2982 timens,
979 2904 1146 2969 citissimo

194 3006 313 3072 volatu
335 3006 408 3087 regi
427 3003 621 3086 Anglorum
644 3003 829 3081 nuntiavit,
854 3023 933 3086 quae
955 3004 1048 3068 circa
1067 3024 1145 3068 enm

194 3105 288 3169 facta
312 3105 459 3179 fuerant,
486 3104 676 3185 implorans
708 3103 904 3185 diligenter,
935 3110 975 3167 ut
996 3103 1146 3168 militare

194 3205 245 3268 illi
270 3204 460 3268 subsidium
483 3205 620 3267 mittere
641 3203 854 3284 dignaretur.
907 3203 986 3282 Quo
1013 3204 1146 3283 audito,

195 3323 258 3368 rex
284 3302 479 3384 Anglorum
504 3302 692 3367 destinavit
718 3302 753 3365 in
782 3321 980 3365 succursum
1010 3305 1147 3367 comitis

194 3404 375 3467 memorati
392 3402 532 3467 fratrem
556 3421 656 3466 sunm
672 3400 885 3465 Willelmum
906 3403 1064 3466 comitem
1082 3402 1146 3466 Sa-

196 3504 446 3577 resbiriensem,
460 3502 674 3566 Willelmum
701 3500 823 3564 ducem
851 3499 1089 3577 Houtlandiae,
1111 3508 1147 3565 et

197 3601 429 3683 Reginaldum
452 3601 612 3665 comitem
634 3600 814 3677 Bononioe,
831 3592 1034 3662 'bellatores
1056 3600 1146 3663 elec-

196 3709 263 3777 tos,
292 3721 370 3765 cnm
404 3701 551 3765 navibus
578 3700 777 3782 quingentis
809 3706 845 3763 et
873 3699 1038 3762 militibus
1070 3717 1148 3782 sep.

196 3801 360 3882 tingentis
390 3807 425 3863 et
454 3799 586 3863 familia
611 3799 722 3862 multa
747 3797 848 3861 nimis
879 3805 949 3861 tam
977 3799 1148 3879 equestris

231 3964 374 4031 wamma]
382 3966 660 4028 campocunanae.
683 3971 735 4016 tero
753 3966 783 4015 of
801 3966 922 4016 credence
940 3980 983 4015 are
1001 3966 1101 4027 printed
1120 3967 1147 4017 in

195 4036 242 4085 des
253 4038 324 4087 Hiot.
336 4039 398 4087 xvii.
410 4052 436 4098 p.
444 4041 486 4099 89,
494 4036 557 4085 with
565 4035 659 4086 Chron.
685 4036 788 4097 Rymer,
805 4037 822 4086 i.
834 4052 861 4098 p.
874 4040 931 4097 ns,
942 4036 968 4084 in
977 4035 1062 4085 which
1078 4037 1146 4087 John

195 4106 227 4156 de
239 4107 267 4157 S.
277 4108 369 4169 Denis,
379 4123 405 4169 p.
417 4110 475 4157 tol.
685 4107 772 4154 writes
779 4110 805 4153 to
812 4105 991 4167 Ferand,that,
1002 4104 1092 4155 hudhe
1101 4121 1147 4168 ap·

685 4176 755 4238 plied
766 4176 866 4237 earlier,
879 4175 910 4224 ho
921 4173 1013 4224 should
1030 4177 1095 4227 have
1106 4191 1145 4227 re·

233 4241 386 4294 'Bellatores
396 4245 503 4310 electos]
520 4245 597 4294 Their
614 4245 660 4294 let·
685 4245 773 4295 coived
784 4260 801 4294 a
811 4247 895 4308 larger
905 4260 1021 4295 succour.

245 4337 324 4384 VOL.
344 4336 398 4385 lll.
977 4335 994 4384 S
