2970 5016
340 482 408 545 376
594 494 729 543 cocum
751 494 800 541 nn
824 492 1030 541 wranovss

180 665 238 705 eu
248 664 306 703 1¹¹⁰
343 650 472 732 genita.
525 647 583 711 Ad
608 649 684 711 baec
710 648 822 710 nuntii
849 647 1057 722 dixerunt‘
1072 645 1154 710 Filii
1177 644 1290 708 fratris

181 715 321 861 &uh
343 769 413 813 uon
433 748 560 811 debent
579 745 762 810 succedere
781 765 826 808 ex
849 764 919 827 quo
939 753 1093 826 tempore
1112 744 1196 807 latae
1217 762 1290 806 sen·

183 821 313 909 namn.
345 848 462 911 tentia·
490 846 598 909 frater
624 864 693 908 non
719 845 872 917 vivebat,
901 845 1013 908 etita
1042 843 1171 924 neptis,
1196 860 1293 905 soror

345 947 476 1010 scilicet
502 942 657 1017 arthuri,
679 962 748 1006 non
772 942 874 1006 debet
900 941 1095 1017 succedere,
1118 941 1203 1022 quia
1225 958 1292 1003 non

346 1053 399 1107 est
426 1043 461 1106 in
492 1041 585 1105 linea
612 1041 845 1116 descendenti,
870 1059 949 1104 cum
973 1042 1020 1103 sit
1049 1040 1123 1103 filia
1152 1038 1291 1115 fratris3

346 1142 504 1205 similiter
525 1149 678 1221 tempore
700 1140 782 1203 latae
807 1140 989 1203 seutentiae
1010 1148 1122 1202 mater
1145 1136 1292 1201 Otbonis

346 1259 416 1303 non
436 1239 587 1316 vivebat,
611 1257 694 1320 ergo
717 1258 785 1302 uon
806 1238 983 1312 successit,
1008 1257 1091 1320 ergo
1107 1235 1205 1300 Otho
1226 1254 1293 1298 non

347 1339 448 1400 debet
471 1337 677 1414 succederc;
709 1336 769 1399 sed
801 1337 921 1417 regina
952 1336 1118 1400 Castellae
1143 1334 1294 1408 vivebat,

347 1456 425 1518 quae
444 1455 543 1499 soror
565 1442 652 1510 erat,
676 1442 712 1498 et
730 1434 808 1498 ideo
832 1437 1011 1512 successit,
1037 1453 1135 1515 ergo,
1158 1440 1294 1497 mortua

347 1535 467 1615 regina
493 1533 668 1609 Castellae,
692 1533 806 1615 proles
829 1532 906 1615 eJus
928 1534 1095 1597 successit
1118 1540 1155 1595 et
1177 1550 1294 1595 sncce-

347 1634 428 1695 dere
444 1632 586 1695 debuit.’
635 1630 692 1694 Ad
709 1633 775 1694 boc
796 1630 880 1693 dicit
896 1650 999 1714 papa,
1018 1631 1112 1713 quod
1129 1649 1192 1693 rex
1211 1629 1296 1694 Cas·

348 1730 441 1793 tellae
472 1730 655 1792 succedere
687 1729 800 1803 debet,
829 1728 912 1811 quie
941 1730 1116 1793 musculus
1148 1736 1216 1804 est,
1242 1728 1294 1791 vel

349 1828 469 1909 regina
490 1827 680 1907 Legionum
698 1835 863 1908 tanquam
881 1828 1123 1910 primogenita.
1172 1826 1294 1891 Nuntii

350 1926 525 2001 dixerunt,
554 1924 646 2007 quod
677 1943 754 1987 cum
783 1925 901 2006 plures
933 1928 1004 1990 sint
1032 1926 1203 2003 haeredes,
1239 1926 1295 2008 qui

350 2026 455 2089 alicui
480 2024 606 2087 debent
630 2023 825 2100 succedere,
849 2032 884 2086 et
905 2024 975 2100 iiie,
1000 2026 1060 2108 qui
1089 2026 1203 2108 primo
1223 2024 1294 2087 loco

350 2123 452 2185 debet
478 2121 672 2198 succedere,
703 2128 818 2185 taceat
842 2122 899 2184 vel
931 2123 1171 2187 baereditatem
1203 2123 1295 2187 adire

350 2219 518 2300 negligat,
543 2218 602 2281 ille
628 2220 688 2301 qui
714 2220 836 2283 ultimo
861 2220 938 2285 loco
963 2229 1026 2298 est,
1048 2223 1080 2285 si
1105 2223 1184 2286 vuit
1204 2222 1294 2285 adire

351 2317 600 2392 haereditatem,
624 2318 781 2380 investiri
805 2317 906 2382 debet
929 2320 1131 2384 haereditate
1155 2321 1218 2383 illa
1246 2340 1297 2383 se·

351 2416 499 2479 cundum
532 2415 814 2479 consuetudinem
846 2419 1084 2499 approbatam,
1120 2419 1222 2483 salvo
1250 2426 1298 2482 ta·

352 2534 430 2577 men
459 2515 539 2597 jure
568 2515 712 2578 alterius
735 2515 766 2577 si
788 2514 1046 2595 reclamaverit3
1076 2524 1111 2581 ct
1136 2517 1215 2581 ideo
1240 2517 1297 2580 do-

352 2614 467 2676 minus
508 2611 714 2675 Lodowicus
753 2613 862 2676 intrat
899 2634 1044 2695 regnum
1080 2614 1222 2697 Angliae
1260 2623 1297 2678 ut

352 2730 464 2787 suum,
498 2719 544 2787 ct,
576 2712 606 2774 si
637 2712 715 2794 quis
742 2709 967 2793 propinquior
994 2713 1077 2777 velit
1103 2733 1206 2795 super
1233 2713 1296 2776 boc

353 2810 552 2885 reclamare,
573 2808 730 2873 dominus
754 2807 959 2873 Lodowicns
981 2810 1084 2876 saciet
1105 2812 1184 2876 iude
1207 2812 1296 2895 quod

352 2907 464 2971 debet.

495 3079 600 3142 Peraia
615 3077 735 3163 objectio
750 3091 858 3146 contra
870 3104 967 3167 ropac
982 3083 1166 3151 atam.

403 3199 503 3262 Tunc
524 3200 615 3264 dixit
638 3221 740 3285 papa,
763 3206 854 3286 qnod
877 3227 1021 3288 regnum
1039 3207 1180 3292 Angliae
1201 3232 1300 3278 suum

355 3299 531 3380 proprium
555 3309 620 3377 est,
643 3309 677 3364 et
700 3310 753 3364 est
779 3305 814 3365 in
842 3307 1058 3386 possessione
1084 3309 1228 3374 dominii
1251 3333 1300 3377 ra-

356 3399 448 3461 tione
471 3397 659 3476 fidelitatis,
683 3420 760 3481 quse
783 3421 888 3484 snper
909 3402 973 3467 hoc
996 3413 1049 3470 est
1066 3408 1098 3469 ei
1121 3407 1218 3474 facta
1243 3431 1302 3494 per

350 3495 600 3577 juramentum,
623 3506 658 3561 et
673 3500 777 3561 etiam
794 3501 928 3565 ratione
943 3522 1079 3581 census,
1097 3508 1157 3588 qui
1178 3508 1255 3591 jam
1272 3511 1301 3574 ei

354 3593 489 3657 solutus
513 3603 566 3657 est
581 3596 623 3659 de
643 3615 772 3677 regn03
800 3600 900 3674 unde,
920 3620 996 3664 cum
1022 3604 1058 3666 in
1078 3605 1174 3668 nullo
1193 3606 1301 3672 delin-

355 3700 486 3773 queret,
512 3713 581 3757 nou
605 3694 744 3758 deberet
771 3697 836 3759 sibi
861 3718 1003 3762 werram
1026 3721 1165 3766 movere
1190 3704 1303 3771 [odo-

354 3791 473 3865 wicus,
490 3810 553 3854 nec
572 3793 711 3856 deberet
729 3813 807 3856 eum
824 3798 973 3878 spoliare
996 3818 1018 3861 a
1040 3819 1147 3881 reguo
1163 3802 1303 3886 Angliae

354 3906 416 3967 per
445 3909 598 3965 werram,
630 3892 780 3955 maxime
807 3913 883 3956 cum
911 3915 971 3959 rex
1002 3897 1139 3978 Angliae
1175 3905 1303 3968 multas

354 3983 480 4050 babeat
503 3995 612 4051 terras
630 3990 665 4050 iu
683 3989 783 4055 feodo
806 3994 897 4073 regis
921 3994 1091 4073 Francia,
1114 3997 1157 4062 de
1180 4004 1305 4081 quibus

353 4091 468 4164 potest
479 4085 510 4147 ei
528 4105 665 4150 movere
678 4109 834 4154 werram.
866 4090 921 4154 Ad
939 4093 1013 4157 baec
1029 4098 1164 4175 nuntii3
1183 4100 1305 4166 ‘Mota

354 4179 418 4242 suit
446 4202 555 4247 werra
582 4193 616 4248 et
639 4186 771 4268 justum
799 4189 923 4254 bellum
948 4201 1070 4258 contra
1096 4214 1211 4278 regem
1230 4200 1304 4265 An·
