2970 5016
338 433 406 498 318
599 446 734 495 nocsnr
758 447 806 493 nn
828 445 1035 494 wnrroovun

178 620 234 660 ab·
244 621 301 661 ¹2¹³·
337 603 467 669 domini
484 603 665 687 Stephani,
678 601 941 666 Cantuariensis
953 602 1216 684 archiepiscopi,
1227 602 1283 664 do·

338 704 421 767 mini
445 703 603 779 Henrici,
628 701 854 766 Dublinensis
873 701 1136 783 archiepiscopi,
1161 701 1283 764 domini

339 802 551 884 Pandulpbi,
564 800 767 865 subdiaconi
781 809 818 864 et
833 800 963 864 domini
980 820 1082 882 papae
1095 798 1284 875 familiaris,

338 911 374 966 et
384 903 623 983 episcoporum
639 900 893 983 predictorum,
906 919 1010 982 super
1023 900 1212 962 securitate
1223 899 1286 960 ista

338 1009 375 1065 et
396 1000 676 1064 concessionibus
702 998 869 1081 praet'atis.
925 999 1045 1076 Quare
1068 998 1232 1061 volumus
1254 1006 1286 1060 et

339 1099 483 1163 firmiter
499 1098 729 1181 praecipimus,
751 1097 843 1179 quod
860 1095 1057 1179 Anglicana
1079 1096 1229 1160 ecclesia
1249 1096 1286 1158 li-

339 1198 423 1262 bera
443 1199 501 1274 sit,
519 1207 554 1261 et
570 1197 663 1279 qnod
686 1216 806 1261 omnes
832 1197 987 1260 homines
1010 1196 1054 1258 de
1077 1214 1188 1276 regno
1214 1213 1287 1257 nos·

340 1304 395 1361 tro
412 1297 563 1360 babeant
579 1305 614 1360 et
629 1304 771 1360 teneant
785 1315 905 1359 omnes
920 1296 1100 1358 libertates
1114 1293 1286 1375 praet‘atas,

335 1397 420 1480 jura
440 1403 476 1459 et
496 1395 774 1470 consuetudines,
794 1396 881 1457 bene
905 1403 941 1458 et
957 1396 994 1457 iu
1015 1412 1114 1476 pace,
1128 1392 1236 1455 libere
1256 1401 1286 1455 et

341 1495 469 1576 quiete,
498 1494 599 1577 piene
620 1502 656 1557 et
672 1495 819 1573 integre,
840 1493 907 1556 sibi
927 1502 963 1556 et
983 1492 1181 1555 baeredibus
1208 1492 1286 1567 suis,

341 1594 385 1656 de
401 1593 502 1657 nobis
521 1601 558 1657 et
574 1592 768 1656 haeredibus
792 1593 931 1667 nostris,
955 1591 991 1654 in
1010 1591 1172 1654 omnibns
1191 1590 1287 1652 rebus

341 1699 378 1756 et
399 1691 485 1755 locis
504 1692 540 1753 in
559 1699 776 1774 perpetuum,
790 1699 831 1753 ut
845 1690 1048 1773 pmdictum
1067 1697 1134 1753 est.
1188 1688 1287 1751 Jura·

342 1797 417 1853 tum
446 1796 563 1853 autem
590 1797 644 1853 est
670 1798 742 1853 tam
765 1808 811 1852 ex
836 1798 935 1871 parte
959 1796 1091 1864 nostra,
1116 1805 1223 1871 qnam
1247 1807 1286 1850 ex

343 1897 443 1971 parte
458 1890 639 1962 baronum,
653 1887 746 1970 quod
763 1887 838 1951 baec
854 1889 971 1952 omnia
985 1887 1190 1969 supradicta
1205 1887 1288 1949 bona

344 1987 411 2050 fide
427 1996 463 2050 et
476 1987 552 2051 sine
573 1987 665 2051 malo
687 1987 828 2069 ingenio
851 1987 1125 2062 observabimus,
1148 1986 1287 2048 testibus

343 2085 563 2166 supradictis.
599 2085 696 2148 Data
714 2105 777 2167 per
791 2103 930 2149 menum
952 2094 1108 2149 nostram
1124 2085 1162 2146 in
1182 2091 1288 2167 prato,

344 2182 435 2263 quod
450 2191 595 2247 vocatur
610 2183 887 2265 Runingemade,
902 2185 993 2248 inter
1007 2184 1134 2247 Stanes
1150 2183 1289 2247 etWin·

343 2279 552 2356 delesbores,
569 2280 702 2344 decimo
725 2283 847 2364 quinto
866 2283 922 2347 die
941 2283 965 2346 J
968 2283 1053 2360 unii,
1075 2301 1172 2345 anno
1197 2280 1287 2363 regni

345 2378 455 2442 nostri
473 2371 623 2443 ¹decimo
638 2381 811 2464 septimo!

417 2549 459 2616 Ut
473 2572 527 2616 res
543 2553 718 2638 duplorum
725 2574 786 2637 per
799 2552 908 2618 literas
914 2563 1055 2639 potamos
1070 2553 1226 2619 libertates

545 2652 717 2736 pradinas
728 2650 885 2717 obesae
890 2653 1083 2737 preceperit.

182 2783 257 2825 δῶκ’·
268 2783 307 2824 ia
396 2772 465 2836 His
487 2775 538 2838 ita
554 2775 675 2856 gestis,
692 2794 755 2838 rex
772 2774 966 2857 Anglorum
984 2776 1007 2839 J
1010 2777 1165 2840 ohannes
1185 2771 1292 2840 ²misit

183 2836 333 2925 ww
345 2872 464 2936 literas
485 2891 568 2936 snas
590 2880 750 2954 patentes
767 2873 803 2937 in
817 2894 936 2938 omnes
951 2874 1035 2938 fines
1048 2873 1191 2956 Angliae
1210 2894 1291 2958 pre·

344 2971 475 3052 cipiens
512 2970 656 3035 firmiter
687 2972 946 3037 vicecomitibus
982 2974 1153 3037 universis
1190 2975 1291 3037 totius

346 3069 456 3149 regni,
471 3076 509 3132 ut
525 3068 678 3134 facerent
687 3071 808 3154 jurare
828 3072 871 3135 de
883 3072 1021 3136 ballivis
1046 3074 1120 3135 suis
1140 3072 1293 3136 homines

345 3166 591 3248 cujuscumque
606 3169 823 3247 conditionis,
843 3169 936 3252 quod
957 3171 1052 3251 leges
1070 3180 1106 3235 et
1118 3171 1292 3235 libertates

346 3264 530 3345 praedictas
545 3266 782 3344 observarent,
798 3276 833 3332 et
849 3269 942 3351 quod
963 3270 1074 3351 ipsum
1094 3289 1212 3352 regem
1236 3288 1293 3351 pro

346 3382 448 3444 posse
463 3384 527 3429 suo
550 3366 827 3448 perceptionem
849 3374 1040 3432 castrorum
1063 3388 1207 3432 suorum
1228 3368 1293 3432 dis·

347 3462 537 3544 tringerent
561 3471 596 3527 et
614 3473 800 3545 gravarent
822 3466 866 3529 ad
889 3467 1037 3548 praefata
1058 3468 1175 3532 omnia
1198 3487 1293 3531 exse·

346 3561 495 3642 quenda,
512 3563 602 3627 sicut
612 3563 648 3625 in
663 3563 785 3627 charta
800 3566 1053 3629 continebatur.
1100 3566 1183 3643 Quo
1193 3566 1294 3640 sacto,

347 3669 514 3725 venerunt
539 3661 582 3724 ad
605 3680 720 3741 regem
744 3663 843 3727 multi
869 3664 1000 3727 nobiles
1022 3664 1065 3727 de
1089 3684 1200 3746 regno
1224 3665 1293 3728 exi·

346 3765 467 3837 gentes
489 3759 572 3842 jura
598 3779 662 3823 sua
681 3768 850 3824 terrarum
871 3771 907 3825 et
926 3764 1195 3844 possessionum,
1221 3781 1294 3826 cus·

347 3856 527 3940 todiasqne
549 3865 753 3936 castrorum,
770 3880 860 3942 quae,
883 3869 923 3924 ut
938 3862 1110 3939 dicebant,
1134 3863 1201 3925 sibi
1218 3862 1293 3945 jure

381 4052 497 4106 'Decimo
517 4060 651 4124 septim]
676 4060 803 4111 ‘Decimo
864 4058 956 4110 ’Misit
973 4062 1059 4112 literas
1077 4077 1134 4111 saus
1149 4054 1290 4128 potestte]

344 4120 434 4186 sexto,’
452 4128 482 4177 C.
828 4130 882 4260 'il’bp
894 4131 993 4249 cllraiprter
1004 4133 1027 4181 is
1037 4132 1139 4195 printed
1150 4133 1177 4181 in
1189 4133 1289 4194 nyma,
