2970 5016
338 449 405 515 258
593 467 727 515 noorai
754 465 800 512 nn
823 464 1030 513 wnnnovnn

179 653 301 695 nnana
340 642 445 705 quam
470 622 641 705 pedestris
664 621 806 696 ordinis,
829 621 890 702 qui
909 618 996 684 velis
1025 619 1201 700 prosperis
1222 638 1296 682 ver·

341 742 402 787 sus
435 722 636 786 Flandriam
668 726 893 804 properantes
923 739 985 802 per
1018 726 1156 801 portum
1181 718 1296 782 Swine

342 821 528 886 transitum
551 820 748 899 faciebant3
778 820 838 883 ubi
861 825 995 883 tantam
1013 819 1156 882 navium
1178 818 1295 881 multi-

342 921 496 985 tudinem
517 919 703 1003 stupefacti
731 920 907 983 intnentes
929 926 965 982 et
986 936 1055 980 non
1079 917 1296 981 mediocriter

343 1020 554 1084 admirantes
580 1024 830 1100 cognoverunt,
859 1017 973 1081 missis
1005 1015 1296 1099 exploratoribus,

343 1120 490 1184 classem
512 1137 587 1182 esse
611 1118 703 1200 regis
727 1117 952 1193 Francorum,
979 1134 1057 1197 quae
1078 1114 1162 1179 illuc
1189 1135 1297 1197 nuper

345 1219 546 1293 advenerat,
561 1218 645 1281 etin
664 1217 741 1299 ipsa
758 1217 851 1281 omni
865 1216 936 1279 fere
952 1214 1124 1292 custodia,
1139 1214 1295 1297 exceptis

344 1318 464 1401 paucis
486 1315 686 1392 marinellis,
705 1335 844 1395 carere;
868 1315 1026 1379 exierant
1041 1315 1132 1377 enim
1150 1314 1195 1376 ad
1212 1332 1295 1395 prae-

344 1417 495 1481 dandum
512 1415 795 1497 milites,‘quibus
812 1414 989 1496 navigium
1009 1414 1123 1477 suerat
1138 1413 1296 1477 commis·

345 1535 434 1593 sum,
454 1522 494 1581 ut
508 1523 636 1580 terram
658 1515 794 1578 comitis
816 1513 1041 1576 Flandrensis
1055 1511 1294 1594 depopulando

346 1622 537 1679 vastarent.
568 1613 671 1693 Quod
686 1633 764 1678 cum
779 1613 951 1695 principes
968 1611 1100 1675 militiae
1115 1612 1208 1692 regis
1223 1610 1295 1675 An·

346 1714 480 1795 plorum
495 1713 753 1795 cognovissent,
764 1713 807 1777 ad
826 1731 923 1775 arma
938 1710 1134 1794 prosiliunt,
1151 1711 1296 1774 classem

346 1813 472 1877 acriter
496 1812 677 1890 invadunt,
698 1819 747 1889 et,
766 1812 803 1875 in
827 1812 923 1875 brevi
945 1811 1063 1874 nautis
1088 1809 1296 1893 subjugatis,

347 1912 485 1977 funibus
511 1912 651 1976 navium
679 1911 845 1994 praecisis,
873 1918 1045 1975 trecentas
1067 1928 1113 1974 ex
1136 1910 1200 1986 eis,
1228 1910 1296 1973 fru-

347 2018 479 2087 mento,
496 2011 591 2088 vino,
610 2010 735 2088 farina,
760 2029 875 2087 carne,
901 2009 1006 2073 armis
1031 2027 1072 2073 ac
1093 2010 1196 2073 rebus
1220 2009 1296 2072 aliis

347 2118 503 2184 onustas,
530 2129 651 2174 versus
675 2109 842 2191 Angliam
863 2108 1030 2191 Neptuno
1056 2109 1296 2187 committunt;

348 2227 455 2272 naves
477 2215 646 2289 praeterea
673 2216 812 2272 centum
830 2208 885 2272 vel
912 2226 953 2271 eo
979 2208 1140 2290 amplius,
1162 2208 1295 2290 quaein

348 2306 441 2371 sicco
466 2307 618 2383 stabant,
644 2306 773 2389 injecto
803 2308 884 2390 igne
903 2308 1167 2371 combusserunt
1189 2316 1224 2371 et
1242 2326 1296 2370 ea·

349 2424 425 2469 rurn
447 2405 559 2487 apollo
580 2414 780 2488 rapuerunt.
843 2407 887 2469 In
909 2407 974 2470 hoc
993 2413 1109 2470 autem
1127 2425 1212 2470 casu
1235 2425 1295 2470 rex

350 2505 563 2569 Francorum
577 2512 613 2569 et
626 2513 702 2570 tota
715 2505 786 2569 sere
797 2507 1029 2570 transmarina
1044 2505 1207 2570 nobilitas
1215 2506 1296 2570 ami·

347 2612 480 2682 serunt,
499 2604 591 2687 quod
615 2605 651 2667 in
676 2606 779 2668 rebus
802 2604 961 2669 humanis
981 2605 1115 2668 dulcius
1137 2605 1297 2687 possede-

347 2712 439 2768 runt.
493 2703 628 2768 Deinde
646 2704 788 2767 comites
814 2703 1032 2768 animositate
1055 2705 1156 2787 quasi
1180 2724 1297 2787 snper-

347 2802 419 2866 flua
432 2803 579 2875 incitati.
590 2822 668 2866 cum
680 2803 778 2885 equis
794 2811 830 2867 et
839 2803 944 2867 armis
961 2804 1107 2867 navibus
1120 2823 1299 2886 erumpen-

347 2909 412 2979 tes,
438 2902 605 2975 Francos,
629 2903 689 2984 qui
706 2903 751 2965 ab
773 2902 839 2966 hac
862 2902 1071 2984 aufugerant
1087 2903 1198 2980 clade,
1214 2904 1296 2967 viri·

347 2999 428 3064 liter
443 3000 688 3082 insequuntur;
713 3000 774 3065 sed
786 3022 849 3066 rex
861 3002 1085 3080 Francorum,
1099 3002 1159 3084 qui
1173 3003 1218 3066 ab
1233 3003 1296 3067 hoc

347 3099 510 3162 conflictu
531 3118 599 3162 non
617 3099 720 3183 longe
739 3101 872 3178 aberat,
888 3101 982 3165 misit
996 3101 1123 3165 milites
1132 3108 1296 3178 armatos,

347 3197 391 3260 de
407 3198 532 3279 quibus
551 3197 734 3281 plurimum
757 3200 964 3278 confidebat,
985 3207 1025 3264 ut
1042 3200 1160 3265 hostes
1180 3220 1295 3283 super·

348 3297 527 3361 venientes
555 3298 694 3380 longius
718 3308 875 3364 arcerent
902 3307 938 3364 et
965 3301 1025 3383 qui
1053 3306 1169 3364 essent
1195 3319 1297 3382 saga-

348 3397 434 3461 citer
464 3397 699 3480 explorarent,
726 3399 786 3481 qui
817 3399 982 3463 continno
1007 3399 1227 3482 prosilientes
1253 3400 1296 3464 ad

348 3515 444 3560 arma
472 3497 679 3562 adversariis
710 3499 917 3580 quantocius
944 3506 1181 3575 occurrerunt,
1203 3519 1296 3563 com·

346 3597 520 3678 missoque
552 3616 597 3660 ex
627 3596 781 3660 adversis
809 3599 966 3679 partibus
994 3597 1127 3678 praelio,
1152 3600 1295 3662 comites

346 3696 514 3777 praedicti,
530 3715 599 3760 non
617 3696 692 3759 sine
716 3716 857 3761 suorum
879 3697 1018 3773 damno,
1041 3697 1085 3761 ad
1106 3716 1214 3761 naves
1236 3698 1295 3762 vix

347 3794 456 3877 elapsi
487 3794 603 3876 fugam
640 3803 846 3877 capessunt3
882 3797 950 3860 illis
975 3805 1091 3861 autern
1115 3815 1222 3860 naves
1245 3798 1295 3860 in-

346 3894 487 3974 gressis,
508 3894 735 3975 Francigenae
752 3895 797 3958 ad
814 3915 896 3958 suos
914 3903 1145 3960 revertuntur.
1199 3895 1295 3977 Rege

345 4012 428 4057 vero
446 3992 658 4057 Francorum
676 3980 919 4059 sciscitante'a
936 3996 1115 4074 militibus,
1135 3995 1217 4078 quid
1241 4015 1296 4059 ac·

346 4098 419 4156 tum
436 4092 569 4171 fuisset,
585 4112 626 4157 ac
639 4092 689 4157 illi
702 4094 762 4176 qui
775 4104 1047 4177 supervenerant
1060 4095 1152 4159 unde
1170 4103 1294 4172 essent,

345 4190 510 4256 dixerunt
527 4193 716 4257 exercitum
734 4213 810 4260 esse
826 4196 917 4278 regis
931 4193 1126 4277 Anglorum
1149 4196 1185 4259 in
1206 4215 1292 4260 aux·
