2970 5016
339 463 406 528 316
598 478 731 526 nocuas
756 480 803 525 nn
827 478 1035 526 wssuovsa

180 656 303 698 anum.
342 654 403 717 per
429 655 492 699 nos
517 635 572 698 vel
595 634 829 718 justiciarium
860 644 1014 698 nostrum
1045 635 1103 698 vel
1129 634 1296 699 ballivum

341 742 496 797 nostrum
542 752 627 812 erga
674 733 825 816 aliquem
868 735 907 796 in
950 735 1070 815 aliquo
1112 733 1295 815 deliqueri-

340 851 430 908 mus,
450 831 505 894 vel
528 831 677 913 aliquem
707 832 930 895 articulorum
959 833 1057 914 pacis
1080 832 1140 895 vel
1168 833 1296 895 securi·

341 931 424 994 tatis
441 931 649 1011 transgressi
671 930 848 1006 fuerimus,
870 939 907 994 et
921 931 1086 994 delictum
1111 930 1219 993 fuerit
1242 951 1296 994 os-

340 1037 474 1094 tensum
508 1037 658 1110 quatuor
690 1030 876 1092 baronibus
907 1029 951 1092 de
983 1028 1111 1109 viginti
1144 1029 1294 1112 quinque

339 1128 535 1204 baronibus,
553 1127 603 1190 illi
624 1135 775 1209 quatuor
796 1128 944 1191 barones
961 1128 1130 1191 accedent
1152 1127 1196 1190 ad
1220 1149 1294 1204 nos,

339 1235 375 1290 et
405 1226 448 1291 ad
477 1225 710 1309 justiciarium
745 1234 900 1289 nostrum
930 1227 961 1289 si
992 1226 1163 1290 fuerimus
1193 1237 1293 1291 extra

341 1346 495 1408 reguum,
521 1332 557 1388 et
575 1333 806 1407 proponentes
833 1326 932 1388 nobis
960 1344 1145 1389 excessum
1175 1334 1293 1407 petent

340 1433 377 1488 ut
396 1426 471 1488 siue
493 1424 658 1487 dilatione
682 1424 848 1487 faciamus
870 1424 1058 1487 emendari.
1112 1424 1210 1487 Etsi
1231 1444 1291 1488 nos

339 1542 517 1587 excessum
554 1542 621 1587 non
652 1522 961 1598 emendaverimus,
988 1522 1043 1585 vel
1072 1522 1291 1606 justiciarius

340 1630 457 1686 noster
481 1623 511 1685 si
536 1622 701 1685 fuerimus
721 1629 822 1684 extra
848 1640 1006 1703 regnum,
1034 1621 1128 1684 infra
1156 1631 1292 1706 tempus

338 1721 570 1802 quadraginta
608 1719 752 1795 dierum,
793 1719 1026 1802 computando
1070 1739 1094 1784 a
1138 1730 1290 1803 tempore

338 1839 407 1903 quo
433 1827 662 1883 monstratum
688 1819 793 1883 suerit
818 1820 931 1896 nobis,
960 1819 1117 1902 praedicti
1142 1829 1290 1903 quatuor

338 1920 485 1984 barones
512 1920 661 1982 referent
691 1937 832 1982 causam
861 1918 959 1982 illam
986 1917 1031 1981 ad
1063 1919 1222 1983 residuos
1249 1920 1290 1983 de

338 2018 406 2081 illis
432 2018 556 2099 viginti
586 2018 737 2099 quinque
767 2017 972 2096 baronibus;
1004 2024 1040 2081 et
1064 2017 1116 2082 illi
1142 2020 1287 2082 barones

337 2134 413 2178 cum
437 2134 619 2179 commuua
640 2117 748 2179 totius
766 2124 867 2180 terrae
883 2116 1092 2198 distringant
1108 2124 1146 2179 et
1164 2137 1289 2199 grava·

338 2214 423 2278 bunt
449 2233 513 2276 nos
534 2213 646 2276 modis
668 2216 827 2277 omnibus
848 2216 974 2298 quibus
996 2223 1176 2297 poterunt,
1199 2217 1287 2280 scili·

337 2319 392 2375 cet
416 2331 478 2394 per
498 2312 692 2395 captionem
717 2322 921 2392 castrorum,
945 2322 1128 2391 terrarum,
1155 2336 1291 2398 posses-

337 2411 486 2489 sionum,
517 2419 552 2475 et
579 2411 657 2474 aliis
682 2412 793 2475 modis
817 2413 943 2494 quibus
966 2414 1158 2496 potuerint,
1182 2415 1288 2478 donoc

336 2509 440 2574 fucrit
469 2511 684 2574 emendatum
721 2511 908 2574 secuudum
944 2512 1124 2576 arbitrium
1158 2533 1286 2590 eorum,

335 2610 435 2673 salva
456 2628 604 2693 persona
619 2616 749 2687 nostra,
764 2617 800 2673 et
811 2611 941 2690 reginae
958 2619 1101 2687 nostrae,
1115 2620 1151 2675 et
1166 2612 1288 2676 libero-

337 2728 411 2772 rum
437 2717 654 2787 uostrorum;
681 2715 729 2786 et,
751 2727 829 2772 cum
853 2709 957 2773 fuerit
978 2709 1216 2788 emendatum,
1237 2713 1287 2774 in-

336 2808 477 2871 tendent
488 2809 598 2883 nobiS,
614 2807 704 2870 sicut
718 2808 813 2888 prius
831 2808 996 2872 fecerunt.
1022 2808 1066 2871 Et
1079 2810 1286 2892 quicumque

336 2906 485 2969 voluerit
500 2907 543 2970 de
564 2915 656 2969 terra
668 2905 776 2988 juret,
796 2908 890 2989 quod
913 2907 957 2970 ad
980 2906 1150 2991 praedicta
1172 2911 1285 2973 omnia

336 3005 554 3085 exsequenda
571 3004 706 3086 parebit
714 3005 886 3069 mandatis
905 3005 1147 3089 praedictorum
1160 3008 1285 3090 viginti

336 3103 488 3184 quinque
520 3104 700 3179 baronum,
731 3111 767 3168 et
795 3104 886 3185 quod
927 3106 1089 3187 gravabit
1122 3126 1187 3170 nos
1223 3126 1284 3189 pro

335 3220 437 3284 posse
460 3219 522 3265 suo
554 3222 630 3266 cum
665 3203 773 3284 ipsis;
807 3210 842 3267 et
866 3224 929 3268 nos
954 3203 1091 3287 publice
1120 3214 1156 3268 et
1181 3206 1285 3269 libere

335 3299 457 3363 damus
478 3301 652 3367 licentiam
670 3301 813 3384 jurandi
835 3303 988 3380 cuilibet,
1010 3303 1069 3384 qui
1085 3303 1208 3386 jurare
1224 3325 1285 3369 vo·

334 3400 450 3477 luerit,
486 3408 521 3464 et
551 3401 636 3464 nulli
671 3419 824 3482 uuquam
854 3402 974 3485 jurare
1017 3402 1284 3484 prohibebimus.

336 3499 465 3562 Omnes
487 3508 602 3563 autem
618 3499 696 3562 illos
716 3499 758 3562 de
776 3508 869 3563 terra
886 3511 1017 3576 nostra,
1036 3502 1096 3583 qui
1118 3522 1181 3583 per
1197 3523 1234 3566 se
1250 3511 1283 3566 et

335 3605 459 3681 sponte
482 3618 545 3662 sua
568 3598 739 3662 voluerint
757 3598 878 3681 jurare
901 3599 1024 3682 viginti
1046 3600 1203 3682 quinque
1226 3603 1283 3665 ba·

336 3699 477 3760 ronibus
508 3698 550 3761 de
584 3697 820 3777 distringendo
852 3718 915 3761 nos
943 3707 979 3763 et
1007 3700 1188 3780 gravando
1222 3720 1284 3765 nos

335 3816 411 3859 cum
443 3797 506 3873 eis,
539 3797 703 3860 faciemus
732 3796 852 3879 jurare
881 3799 1018 3861 eosdem
1048 3798 1091 3860 de
1121 3800 1283 3864 mandato

336 3903 466 3972 nostro,
480 3897 568 3959 sicut
586 3894 787 3977 praedictum
802 3905 867 3960 est.
920 3896 963 3960 Iu
987 3898 1146 3961 omnibus
1168 3908 1282 3962 autem

334 3994 422 4070 istis,
445 4014 523 4077 quae
550 3995 626 4057 istis
652 3994 775 4075 viginti
802 3996 953 4078 quinque
976 3997 1164 4060 baronibus
1190 4018 1282 4062 com·

333 4095 517 4158 mittuntur
534 4093 768 4176 exsequenda,
790 4095 820 4157 si
835 4096 924 4159 forte
947 4095 981 4158 in
1005 4096 1122 4177 aliquo
1140 4097 1231 4160 inter
1245 4118 1281 4162 se

332 4191 614 4270 discordaverint,
634 4194 687 4258 vol
706 4192 811 4275 aliqui
831 4215 872 4257 ox
892 4195 942 4258 cis
958 4195 1147 4259 submoniti
1165 4198 1281 4261 uoluc-
