2970 5016
395 457 439 521 52
652 471 787 520 noonnr
812 471 860 519 on
882 471 1090 519 wnunovrra

234 643 385 743 mapilla
397 639 432 696 et
447 650 583 695 erucem
598 639 729 695 sanctae
746 630 1033 713 peregrinationis
1048 630 1251 712 suscipiens,
1269 651 1349 696 cru-

235 742 362 787 emoessorz
397 750 470 795 cem
501 732 686 813 legationis
717 731 890 813 deposuit,
924 748 1028 811 quam
1059 749 1121 811 per
1151 749 1281 794 annum
1314 740 1351 795 et

397 829 575 894 dimidium
602 838 681 913 post
711 837 855 893 mortem
883 848 983 910 papae
1012 828 1201 893 Clementis
1228 839 1349 912 porta-

398 936 497 993 verat
529 929 565 991 in
596 928 832 1011 praejudicium
862 937 933 992 tam
963 927 1133 991 Romanae
1158 947 1263 1010 quam
1290 948 1349 993 ec·

398 1027 513 1091 clesiae
546 1025 773 1107 Anglicanae3
810 1046 879 1108 quo
913 1025 1017 1102 facto,
1048 1026 1236 1090 Dovcriam
1269 1047 1348 1109 per-

399 1126 490 1189 rexit
507 1126 636 1190 babens
657 1126 692 1188 in
711 1126 878 1189 comitatu
899 1123 1127 1201 Gilebertum,
1146 1124 1347 1189 Roliensom

399 1225 611 1307 episcopum,
631 1234 668 1288 et
683 1225 919 1289 vicecomitem
935 1223 1071 1287 Cantiae
1087 1223 1280 1287 Henricum
1303 1226 1346 1288 de

401 1322 595 1400 Cornhelle,
621 1324 680 1387 ubi
708 1324 857 1387 latenter
871 1341 1048 1385 excaecare
1066 1330 1251 1386 nautarum
1266 1343 1346 1386 ocu-

399 1422 452 1485 los
484 1442 522 1487 se
552 1442 654 1504 posse
684 1423 888 1486 existimans
919 1442 1048 1485 novum
1078 1421 1209 1485 fraudis
1237 1441 1347 1504 genus

399 1520 541 1598 invenit,
559 1515 686 1585 ¹virum
709 1521 745 1583 in
768 1520 946 1584 foeminam
969 1521 1149 1598 convertit,
1171 1520 1254 1584 dum
1271 1541 1348 1585 ves-

401 1627 469 1682 tem
491 1621 681 1685 sacerdotis
705 1619 742 1681 in
764 1620 954 1683 meretricis
978 1619 1133 1683 habitum
1158 1630 1347 1685 commuta·

400 1718 462 1783 vit.
524 1719 660 1783 Tunica
688 1719 790 1782 viridi
830 1718 993 1782 loeminea
1031 1718 1185 1795 indutus,
1227 1739 1348 1801 capam

399 1816 531 1881 babens
549 1817 703 1900 ejusdem
718 1817 854 1893 coloris,
870 1817 1009 1899 peplum
1031 1818 1067 1880 in
1090 1818 1203 1899 capite
1226 1817 1346 1882 mulie-

400 1917 461 1981 bre
484 1925 639 1999 portans,
666 1934 818 1997 pannum
845 1915 975 1979 lineum
1003 1917 1103 1998 quasi
1129 1916 1173 1980 ad
1198 1918 1349 1981 venden-

239 2033 375 2082 enuuum
401 2014 480 2077 dum
512 2034 634 2096 gerens
664 2014 710 2078 ad
738 2033 833 2077 mare
861 2015 1050 2078 descendit.
1112 2015 1258 2079 Talibus
1289 2016 1349 2079 de·

239 2084 347 2124 '‘Dm''
402 2113 569 2177 formatus
595 2113 753 2190 antistes,
779 2133 856 2176 cum
883 2114 1019 2178 sederet
1041 2114 1076 2176 in
1105 2113 1224 2178 littore
1244 2134 1349 2197 super

402 2219 535 2294 petram
558 2232 677 2276 auram
692 2220 901 2295 exspectans
919 2212 1117 2289 feliciorem,
1141 2221 1249 2277 nauta
1271 2214 1348 2296 qui·

402 2311 481 2374 dam
504 2332 583 2376 cum
606 2312 747 2376 muliere
769 2311 888 2375 ludere
912 2311 1032 2375 volens
1056 2310 1092 2375 in
1112 2312 1254 2376 foemina
1276 2321 1350 2377 stu-

403 2428 488 2492 pens
532 2411 674 2475 braccas
713 2410 857 2486 invenit,
893 2418 928 2473 et
958 2409 1148 2475 vociferare
1179 2411 1349 2493 incipiens

299 2583 307 2596 ·
403 2509 504 2586 dixit,
523 2509 671 2574 ‘Venite
691 2529 821 2585 omnes,
843 2509 981 2586 venite,’
1006 2508 1131 2592 inquit,
1148 2515 1207 2575 ‘et
1234 2511 1347 2573 virum

401 2608 437 2671 in
455 2609 597 2673 foemina
615 2629 748 2673 mecum
766 2607 1008 2672 admiramini!
1057 2607 1256 2673 Accurrunt
1276 2630 1349 2673 mu-

402 2708 552 2773 lierculae
576 2708 695 2772 moltae
721 2714 756 2771 et
781 2708 928 2789 pretium
955 2708 1063 2788 panni
1088 2726 1189 2790 quem
1216 2708 1349 2772 ferebat

401 2809 555 2872 venalem
571 2809 716 2871 solerter
730 2807 928 2888 inquirunt3
946 2824 1092 2887 cumque
1110 2805 1193 2869 nihil
1209 2826 1351 2888 respon-

400 2906 508 2982 deret,
524 2914 563 2970 ut
585 2907 644 2987 qui
667 2904 898 2986 Anglicanam
919 2925 988 2969 non
1013 2913 1157 2968 noverat
1183 2905 1350 2987 linguam,

400 3012 580 3086 ooeperunt
602 3004 692 3067 inter
718 3023 755 3065 se
780 3003 1007 3079 confabulari,
1033 3012 1069 3067 et
1090 3003 1207 3067 dolum
1234 3005 1348 3086 suspi-

400 3111 520 3166 cantes
543 3121 665 3164 manus
688 3101 880 3185 injecerunt
902 3103 937 3166 in
960 3102 1113 3185 peplum,
1135 3123 1205 3184 quo
1227 3102 1345 3166 fauces

401 3203 620 3281 tegebantur,
643 3207 690 3276 et,
717 3201 971 3264 summittentes
997 3221 1018 3264 a
1044 3221 1128 3264 naso
1154 3220 1263 3282 usque
1288 3201 1348 3265 de-

400 3318 529 3376 orsum,
547 3299 668 3362 faciem
685 3299 832 3364 hominis
855 3300 1016 3363 viderunt
1038 3301 1172 3381 nigram
1189 3307 1224 3363 et
1240 3320 1350 3383 nuper

401 3416 526 3460 rasam.
551 3398 745 3462 Clamorem
758 3399 878 3480 utique
891 3399 933 3460 ad
943 3399 1057 3461 sidera
1067 3398 1229 3463 tollentes
1241 3399 1285 3462 ad
1299 3401 1349 3462 in·

403 3497 703 3574 vicem,‘Venite,'
718 3498 890 3580 inquiunt,
905 3502 958 3561 ‘ot
970 3496 1163 3579 lapidemus
1178 3496 1347 3561 hocmon-

401 3602 525 3672 strum,
550 3597 643 3679 quod
669 3616 792 3659 sexum
823 3603 1008 3678 utrumque
1039 3595 1244 3659 deformavit
1260 3596 1281 3674 3’
1314 3605 1349 3660 et

400 3693 513 3759 factus
535 3703 588 3758 est
612 3695 704 3759 illico
728 3714 916 3759 concursus
930 3695 1081 3759 virorum
1099 3714 1140 3758 ac
1157 3694 1350 3771 mulierum,

400 3792 655 3857 extrahentium
683 3794 726 3856 de
753 3793 867 3874 capite
898 3794 1037 3876 peplum
1070 3800 1106 3858 et
1139 3792 1349 3858 trahentium

400 3910 477 3955 eum
520 3899 731 3973 prostratum
771 3891 997 3971 ignominiose
1032 3911 1094 3974 per
1126 3893 1280 3955 manicas
1317 3901 1351 3957 et

436 4098 544 4149 ¹Viram
560 4100 587 4148 in
600 4098 753 4162 seminam]
777 4099 862 4147 ‘Proh
888 4102 1017 4161 meretrix,
1027 4103 1164 4163 episcopus
1175 4116 1264 4152 scurra
1271 4102 1289 4163 ;’
1305 4104 1352 4153 let-

399 4169 483 4218 dolor!
499 4167 862 4229 virtactueestioemina,oan·
888 4174 926 4217 ter
937 4170 965 4218 ol
976 4171 1066 4232 bishop
1077 4172 1107 4220 ot
1120 4171 1247 4233 Corentry
1258 4174 1284 4220 in
1303 4173 1352 4222 Be-

400 4238 518 4287 eellarius
551 4237 714 4297 cancellarie,
744 4237 863 4285 sacerdos
889 4238 983 4298 rediet,
992 4241 1042 4290 and
1055 4241 1189 4299 Heredes,
1200 4257 1226 4303 p.
1239 4246 1298 4292 tut.
