2970 5016
343 489 410 553 alo
524 442 532 454 ⁰
602 502 737 550 uocum
760 501 809 550 nr
831 499 1041 549 wasnovn

183 680 238 719 so.
251 680 308 719 ars.
346 658 427 733 rint,
451 658 544 721 sicut
566 657 692 721 habere
718 659 845 721 debent
868 665 904 720 et
930 657 1022 719 sicut
1046 672 1156 736 supra
1183 653 1295 716 decla·

184 731 264 777 ΙΨ

183 781 268 819 cnm
346 765 459 819 ratum
481 764 547 819 est.
612 756 741 819 Nullus
772 758 932 840 capiatur
958 754 1015 818 vel
1042 754 1297 835 imprisonetur,

346 863 490 937 propter
514 855 780 936 appellationem
812 856 977 929 t'oeminoe,
997 853 1042 916 de
1068 860 1184 916 morte
1214 851 1298 914 alte·

347 954 420 1016 rius
441 974 545 1036 quam
568 955 633 1017 viri
655 955 723 1017 sui.
776 953 906 1017 Nullus
928 952 1117 1016 comitatus
1139 959 1298 1014 teneatur

348 1052 392 1116 de
418 1060 557 1128 caetero,
587 1053 653 1115 nisi
678 1053 722 1115 de
751 1072 868 1115 mense
896 1053 933 1115 in
958 1055 1138 1128 mensem3
1170 1058 1220 1126 et,
1241 1049 1297 1112 uhi

348 1151 461 1234 major
484 1151 651 1215 terminus
681 1171 757 1214 esse
794 1151 942 1226 solebat,
975 1150 1088 1233 major
1122 1149 1198 1226 sit;
1237 1168 1317 1219 nec,

349 1251 540 1314 vicecomes
571 1250 697 1332 aliquis
721 1250 777 1313 vel
806 1250 957 1313 ballivus
985 1267 1070 1311 suus
1097 1247 1208 1310 faciat
1230 1255 1295 1310 ter·

349 1350 479 1412 minum
503 1369 603 1412 snum
632 1368 695 1430 per
720 1349 946 1424 hundredum,
969 1347 1036 1410 uisi
1061 1347 1116 1409 bis
1142 1346 1180 1409 in
1207 1365 1295 1409 auno

348 1456 385 1511 et
405 1436 541 1511 nonnisi
568 1449 603 1510 in
623 1448 700 1511 loco
725 1448 842 1511 debito
866 1456 902 1511 et
921 1455 1101 1521 consueto,
1125 1445 1295 1520 videlicet,

348 1547 454 1610 semel
478 1556 559 1630 post
575 1546 724 1622 Pascha,
745 1555 781 1610 et
796 1548 922 1610 iterum
942 1553 1021 1627 post
1036 1544 1165 1607 festum
1185 1545 1294 1607 sancti

349 1644 544 1709 Michaelis.
597 1645 644 1708 Et
665 1645 761 1709 visus
788 1645 947 1708 similiter
972 1644 1016 1707 de
1036 1642 1158 1706 srauoo
1182 1643 1295 1724 plegio

348 1751 432 1808 tnnc
447 1744 567 1807 fiatad
584 1744 680 1807 illum
696 1745 877 1808 terminum
894 1744 1008 1808 sancti
1025 1741 1212 1806 Michaelis
1225 1743 1295 1805 sine

347 1843 541 1919 occasione,
557 1845 609 1907 ita
629 1843 762 1907 scilicet
780 1843 874 1925 quod
891 1842 1037 1926 quilibet
1053 1860 1138 1904 suas
1154 1841 1294 1906 liberta·

348 1950 401 2006 tes
421 1943 558 2020 haheat,
577 1961 664 2024 quas
681 1943 804 2006 hahuit
818 1950 855 2006 et
868 1943 995 2005 habere
1012 1940 1198 2004 consuevit
1212 1949 1293 2005 tem·

346 2060 430 2121 pore
459 2041 604 2105 Henrici
632 2043 724 2123 regis
750 2043 807 2105 avi
834 2041 957 2117 nostri,
976 2040 1033 2104 vel
1059 2058 1149 2121 quas
1173 2048 1292 2122 postea

346 2139 558 2220 adquisivit3
597 2140 659 2203 fiat
688 2150 805 2204 autem
833 2141 930 2204 visus
958 2141 1002 2203 de
1028 2138 1150 2202 franco
1180 2139 1293 2221 plegio

346 2237 407 2312 sic,
427 2244 466 2300 ut
481 2257 552 2318 pax
573 2248 693 2301 nostra
710 2247 883 2316 teneatur,
900 2248 937 2303 et
953 2237 1046 2321 quod
1063 2237 1227 2320 tethiuga
1245 2239 1292 2300 in·

346 2344 445 2416 tegra
475 2336 522 2399 sit
546 2337 638 2400 sicut
663 2358 740 2402 esse
770 2337 977 2414 consuevit;
1015 2346 1052 2401 et
1078 2337 1174 2419 quod
1206 2337 1293 2401 vioe·

344 2453 459 2498 comes
485 2455 555 2499 non
577 2445 713 2518 quaerat
738 2438 949 2514 occasiones,
977 2444 1015 2502 et
1035 2435 1129 2519 quod
1151 2444 1292 2500 conten·

346 2543 402 2597 tus
435 2535 481 2598 sit
509 2537 551 2600 de
580 2555 633 2614 eo,
659 2536 751 2617 qnod
779 2537 970 2600 vicecomes
997 2535 1126 2599 habere
1149 2554 1292 2599 cousue-

345 2634 395 2697 vit
419 2634 461 2697 de
490 2635 566 2698 visu
599 2655 663 2698 suo
693 2634 850 2699 faciendo
879 2643 1032 2717 tempore
1062 2632 1211 2697 Henrici
1241 2649 1292 2698 re·

345 2732 399 2813 gis
429 2734 485 2796 avi
516 2735 636 2799 nostri.
666 2792 670 2801 ,
716 2733 797 2796 Νοιι
829 2735 933 2797 liceat
961 2733 1005 2797 de
1034 2740 1162 2797 oaetero
1191 2733 1292 2796 alicui

344 2833 427 2896 dare
457 2840 585 2895 terram
614 2851 712 2895 suam
745 2832 861 2895 domui
892 2832 1081 2914 religionis,
1115 2832 1168 2894 ita
1201 2832 1291 2913 qnod

344 2930 438 2993 illam
466 2940 615 2994 resumat
643 2931 826 2995 tenendam
854 2930 1041 2995 decadem
1070 2930 1201 3006 domo;
1233 2949 1292 2994 neo

345 3028 448 3091 licoat
479 3029 582 3093 alicui
615 3030 731 3093 domni
761 3031 938 3112 religionis
963 3038 1090 3093 terram
1120 3029 1172 3092 sic
1204 3030 1292 3094 acci·

344 3145 437 3208 pere,
461 3128 553 3207 quod
581 3129 696 3192 tradat
716 3148 792 3193 eam
819 3129 882 3206 illi,
909 3150 931 3194 a
954 3148 1024 3211 qno
1046 3128 1142 3191 illam
1163 3112 1291 3210 recepit

344 3225 547 3305 tenendam3
572 3228 601 3290 si
619 3228 696 3311 quis
716 3237 833 3293 autem
850 3229 1033 3293 decaetero
1050 3235 1178 3291 terram
1196 3247 1292 3291 suam

344 3323 394 3387 sic
423 3324 554 3390 dederit
581 3328 697 3390 domui
726 3328 896 3410 religiosae
929 3335 964 3391 et
986 3346 1091 3409 super
1121 3326 1188 3389 hoc
1211 3347 1291 3392 con·

344 3424 515 3500 vincatur,
540 3426 666 3489 donum
688 3446 787 3489 suum
811 3428 949 3507 penitus
971 3432 1129 3489 cassetur
1147 3433 1183 3488 et
1201 3434 1292 3490 terra

344 3522 405 3584 illa
429 3523 566 3587 domino
590 3544 653 3587 suo
678 3525 770 3588 illius
796 3525 888 3588 feodi
910 3526 1113 3588 incurratur.
1168 3525 1291 3590 Scuta·

344 3622 437 3702 gium
469 3621 511 3684 de
540 3631 665 3685 caetero
693 3623 865 3704 capiatur,
893 3625 984 3687 sicut
1006 3624 1085 3707 capi
1111 3626 1291 3689 consuevit

344 3726 497 3802 tempore
523 3722 613 3801 regis
644 3720 789 3786 Henrici
818 3724 874 3785 avi
899 3723 1021 3786 nostri.
1074 3723 1207 3786 Omnes
1232 3744 1290 3787 an·

344 3827 411 3881 tem
439 3819 704 3884 consuetudines
727 3812 911 3903 praedictas
935 3831 970 3884 et
990 3823 1182 3898 libertates,
1205 3842 1291 3904 quas

342 3919 574 3981 concessimus
595 3920 630 3981 in
655 3940 762 4001 regno
789 3929 908 3984 nostro
925 3921 1107 3998 tenendas,
1122 3930 1290 4003 quantum

341 4015 384 4079 ad
408 4037 470 4080 nos
491 4018 648 4100 pertinet,
668 4039 751 4101 erga
772 4040 891 4084 omnes
916 4020 1072 4084 homines
1091 4029 1231 4085 nostros
1249 4022 1289 4083 de

340 4135 447 4194 regno
468 4125 600 4194 nostro,
615 4126 686 4181 tam
704 4120 820 4184 clerici
846 4139 950 4205 quam
973 4120 1052 4184 laici
1079 4122 1193 4184 nostri
1218 4115 1292 4184 ¹ob-

338 4223 477 4279 servent
502 4227 669 4299 quantum
703 4219 745 4281 ad
779 4240 817 4282 se
848 4221 998 4300 pertinet
1022 4240 1107 4302 erga
1135 4220 1290 4285 homines

584 4368 590 4398 ¹
602 4371 756 4435 Obm‘rent]
773 4368 960 4422 ‘Conserrcnt'
971 4373 997 4421 iu
1011 4374 1041 4422 G.
