2970 5016
457 497 596 546 enonas
619 497 892 549 nrsnonrnnuu.
1081 487 1147 553 277

202 727 400 791 Innocentius
407 748 500 813 popo
517 729 663 803 Nicodm,
685 729 907 793 Tmcnlononei
920 730 1068 816 episcopo,
1075 752 1139 817 pro

508 827 689 892 occontn'dno
702 828 842 893 ecclesiis.

253 947 384 1012 Eodem
417 957 570 1034 tempore
602 952 829 1018 Innocentius
859 971 952 1036 papa
983 953 1281 1044 Nicolao,s.n.rns.

192 1048 394 1128 apostolicae
425 1050 517 1114 sedis
547 1051 676 1133 legato,
702 1052 821 1116 literas
840 1053 912 1134 sub
945 1053 1010 1116 bac
1036 1025 1281 1119 sormailtffi‘

193 1144 342 1225 direxit3
374 1146 483 1211 ‘Cum
506 1169 576 1213 non
599 1152 710 1233 possit
730 1151 884 1215 ecclesiis
909 1151 1049 1215 Domini
1073 1124 1265 1216 mamm

192 1244 259 1307 lius
281 1246 467 1326 provideri,
487 1267 592 1330 quam
615 1249 646 1313 si
665 1251 715 1315 eis
734 1258 892 1333 pastores
912 1251 1145 1332 praeficiantur

191 1343 318 1420 idonei,
335 1346 395 1427 qui
418 1365 488 1410 non
506 1355 578 1411 tam
601 1368 750 1431 praeesse
766 1351 908 1431 cupiant
922 1369 1026 1432 quam
1043 1350 1144 1432 prod-

191 1461 279 1519 esse,
301 1442 511 1510 fraternitati
540 1453 622 1524 tuae,
647 1448 690 1511 de
718 1467 788 1530 qua
816 1448 954 1529 plenam
983 1435 1143 1513 fiduciam

192 1542 399 1621 obtinemus,
436 1565 499 1626 per
531 1547 724 1629 apostolica
756 1548 887 1629 scripta
926 1548 1143 1626 mandamns,

190 1648 364 1722 quatenus
394 1644 615 1727 episcopatus
642 1653 678 1710 ct
705 1646 864 1710 abbatias
888 1645 1027 1727 Angue
1052 1666 1144 1712 nunc

191 1749 356 1805 vacantes
371 1742 479 1807 facias
497 1763 575 1808 cum
591 1752 652 1810 tuo
668 1745 811 1809 consilio
830 1744 873 1808 de
895 1745 1051 1827 personis
1069 1746 1144 1811 ido·

194 1840 267 1902 neis
284 1860 347 1922 per
368 1842 569 1907 electionem
584 1844 640 1908 vel
655 1844 924 1927 postulationem
941 1846 1142 1909 canonicam

193 1938 356 2017 ordinari,
379 1941 440 2023 qui
462 1960 531 2005 non
550 1943 663 2007 solum
678 1943 752 2007 vita
773 1942 833 2005 scd
856 1950 892 2006 et
911 1944 1057 2007 scientia
1074 1945 1145 2008 siut

191 2038 362 2120 praeclari,
379 2043 617 2106 verumetiam
634 2043 706 2124 regi
729 2041 848 2105 fideles
863 2029 902 2105 'et
917 2050 1024 2123 regno
1041 2043 1144 2108 utiles

192 2156 326 2201 necnon
351 2138 396 2202 ad
420 2140 588 2204 auxilium
620 2148 656 2204 et
681 2140 861 2232 consilium
893 2139 1060 2219 efficaces,
1089 2161 1145 2206 as-

192 2253 295 2299 sensu
316 2238 412 2319 regio
428 2240 606 2322 requisito.
652 2239 739 2304 Cum
762 2259 846 2322 crgo
864 2240 1064 2304 vacantium
1087 2261 1142 2306 co·

190 2335 372 2400 elesiarum
389 2338 552 2421 capitulis
567 2340 694 2403 nostris
716 2339 826 2403 literis
848 2339 1023 2403 demusin
1045 2360 1143 2404 man-

192 2436 296 2512 datis,
323 2444 363 2501 ut
382 2443 443 2501 tuo
469 2438 614 2502 consilio
634 2438 872 2520 adquiescant,
895 2445 933 2502 tu
953 2438 1142 2503 Dominum

192 2531 322 2601 habens
342 2556 415 2618 prae
437 2538 547 2601 oculis
569 2537 731 2601 consulas
753 2555 857 2619 super
879 2536 932 2600 bis
948 2537 1040 2600 viros
1063 2556 1142 2620 pro-

192 2634 291 2698 vidos
318 2642 354 2699 et
377 2635 553 2713 honestos,
577 2637 638 2718 qui
657 2636 757 2719 plene
780 2636 896 2699 norint
920 2635 1043 2698 merita
1066 2656 1145 2718 per·

192 2751 367 2812 sonarum,
391 2755 434 2799 ue
456 2743 492 2800 te
515 2736 720 2819 cujusquam
744 2734 874 2799 astutia
903 2734 1143 2799 circumveniri

193 2834 393 2916 contingat3
418 2835 449 2897 si
470 2836 631 2917 quivero
650 2833 921 2898 contradictores
943 2832 1072 2896 fuerint
1087 2834 1142 2898 vel

191 2933 347 3010 rebelles,
364 2940 403 2999 tu
420 2952 480 2997 eos
503 2954 566 3017 per
587 2953 768 2999 censuram
784 2932 1065 3009 ecclesiasticam,
1081 2951 1144 3014 ap·

192 3031 378 3112 pellatione
399 3041 545 3110 remota,
570 3033 768 3115 compellas.
820 3031 951 3095 Datum
978 3031 1144 3096 Laterani

192 3127 349 3195 kalendis
367 3131 588 3209 Novembris,
610 3132 832 3215 pontificatus
848 3131 958 3196 nostri
977 3150 1068 3195 anno
1087 3131 1143 3196 de-

192 3230 281 3293 cimo
310 3231 436 3296 sexto?
488 3231 642 3313 Legatus
663 3251 813 3314 quoque,
838 3249 916 3294 cum
945 3230 1143 3314 hujusmodi

191 3328 427 3394 authenticum
452 3349 475 3394 a
501 3330 639 3395 domiuo
666 3349 758 3413 papa
781 3331 983 3411 accepisset,
1008 3323 1142 3411 ¹spreto

192 3428 442 3513 archiepiscopi
456 3436 491 3494 et
508 3431 746 3512 episcoporum
766 3428 863 3510 regni
884 3427 1041 3502 consilio,
1064 3447 1143 3490 cum

192 3527 323 3591 clericis
350 3529 441 3610 regis
464 3537 500 3593 et
520 3529 687 3594 ministris
712 3528 755 3591 ad
782 3532 948 3591 vacantes
973 3524 1143 3589 accedens

192 3627 368 3706 ecclesias,
401 3627 635 3692 ordinationes
674 3646 793 3691 earum
831 3622 1019 3688 secundum
1054 3625 1144 3688 anti·

227 3826 235 3857 ¹
245 3829 333 3892 Spreto
348 3827 521 3891 archiepiscopi
532 3832 556 3876 et
566 3828 655 3891 cpisco-
680 3828 706 3876 iu
716 3825 919 3886 recommending
929 3824 1000 3872 those
1012 3822 1093 3871 whom
1111 3822 1143 3871 he

189 3913 275 3963 porum
290 3899 363 3961 regni
379 3897 501 3961 consilia]
519 3897 615 3946 Walter
630 3896 659 3945 oi
679 3898 767 3946 would
778 3897 842 3944 bare
857 3892 1003 3956 appointed.
1031 3891 1085 3940 The
1097 3892 1144 3940 lill-

191 3968 317 4029 Covmny
340 3982 409 4028 says,
428 3966 484 4015 that
505 3966 547 4015 tbc
564 3972 656 4015 vacant
680 3967 723 4028 ing
740 3981 776 4027 op
793 3965 822 4014 os
835 3964 906 4012 those
922 3977 979 4012 sees
990 3976 1045 4010 was
1056 3975 1144 4009 conse·

191 4038 332 4099 bisboprlcs
361 4037 390 4086 of
419 4036 501 4096 York,
530 4036 655 4097 Durbam,
680 4035 785 4096 queutly
803 4032 919 4083 deferred
934 4032 999 4080 until
1015 4032 1036 4079 it
1050 4029 1144 4079 should

191 4108 323 4168 Liebfield,
343 4107 394 4155 and
413 4107 507 4169 others,
526 4120 593 4154 were
613 4109 656 4153 not
679 4105 711 4153 be
728 4104 821 4165 agreed
838 4107 865 4152 at
881 4104 960 4153 Rome
971 4100 1041 4150 what
1052 4113 1106 4149 was
1118 4104 1144 4147 to

191 4193 248 4226 now
261 4177 330 4226 filled
343 4192 389 4239 up,
405 4177 515 4225 because
532 4175 575 4224 tho
592 4174 656 4237 king
681 4173 799 4223 bodone.

189 4247 323 4310 persisted,
345 4246 482 4306 according
501 4251 527 4293 to
549 4250 656 4307 custon,
