2970 5016
344 429 410 494 288
598 446 731 494 uocatu
757 447 803 493 nn
828 446 1037 494 wnunovna

182 615 306 706 mgb
344 603 525 680 baronum,
556 602 702 666 militnm
735 609 769 665 ct
802 602 1039 679 servientium,
1077 603 1234 686 peditum
1264 610 1299 667 et

183 717 281 757 aarum
345 702 512 786 equitum,
542 722 620 766 cum
655 701 893 765 communibus
923 702 1083 766 villarum
1111 709 1148 766 et
1177 703 1299 766 civita·

345 808 431 876 tum,
458 802 494 864 in
525 801 726 865 fortitudine
757 801 856 882 gravi
882 801 1090 865 adversariis
1118 821 1299 865 occurrere

344 900 546 977 maturavit,
569 901 772 983 praecipiens
798 901 982 983 episcopis,
1004 902 1088 964 viris
1114 900 1300 982 religiosis,

345 999 480 1064 clericis
511 1006 546 1063 et
575 998 894 1063 sanctimonialibus
927 999 1166 1082 eleemosynas
1205 1000 1298 1076 dare,

346 1118 465 1181 preces
484 1099 528 1162 ad
550 1099 663 1161 Deum
686 1098 840 1175 sundere,
863 1105 899 1162 et
920 1119 984 1181 pro
1001 1106 1097 1163 statu
1121 1101 1221 1180 regni
1244 1101 1296 1162 sui

346 1198 464 1262 divina
485 1198 650 1281 mysteria
672 1197 867 1276 celebrare3
895 1218 964 1280 qno
981 1198 1086 1276 sacto,
1103 1218 1183 1263 cunr
1204 1219 1299 1262 exer·

346 1298 419 1362 citu
440 1317 504 1362 suo
526 1297 691 1361 audacter
712 1297 880 1378 processit
901 1297 936 1359 in
958 1296 1085 1362 hostes.
1141 1296 1299 1361 Audiens

346 1405 460 1461 autem
478 1397 567 1460 idem
585 1416 647 1459 rex
664 1397 781 1461 hostes
795 1404 1003 1461 memoratos
1016 1417 1127 1479 usque
1139 1391 1146 1429 ¹
1156 1396 1201 1460 ad
1213 1418 1298 1481 pon·

347 1504 416 1559 tem
444 1496 487 1559 de
516 1496 670 1561 Bovines
695 1496 730 1558 in
760 1496 933 1560 territorio
963 1496 1168 1560 Pontivensi
1194 1498 1297 1561 situm

342 1594 416 1678 jam
436 1594 608 1659 hostiliter
629 1595 838 1677 pervenisse,
859 1594 942 1658 illuc
961 1595 1089 1660 vexilla
1111 1597 1242 1659 direxit
1264 1603 1298 1660 et

347 1713 455 1771 arma,
474 1703 578 1777 atque
601 1695 644 1758 ad
669 1702 807 1775 pontem
825 1693 900 1776 jam
925 1694 1054 1759 dictum
1080 1697 1298 1778 perveniens,

347 1793 441 1856 illius
462 1812 562 1875 aquae
589 1793 719 1856 fluenta
744 1812 823 1855 cum
847 1794 1002 1858 exercitu
1030 1813 1094 1857 suo
1121 1801 1199 1858 toto
1223 1815 1299 1877 per·

348 1894 531 1969 transiens,
553 1893 679 1956 ibidem
703 1900 968 1957 castrametatus
990 1900 1055 1957 est.
1108 1893 1197 1957 Erat
1210 1895 1300 1957 enim

348 1991 452 2055 ardor
464 1992 547 2056 solis
562 1993 808 2075 permaximus,
824 1992 914 2055 sicut
928 1991 1003 2056 fieri
1024 1992 1115 2057 solet
1133 1993 1167 2055 in
1184 2013 1299 2057 mense

348 2089 458 2167 Julio,
482 2092 572 2155 unde
597 2111 704 2173 prope
731 2091 857 2154 flumen
874 2091 1099 2174 Francigenae
1122 2093 1300 2174 quiescere

348 2189 575 2253 decreverunt
604 2198 746 2272 propter
777 2189 991 2272 refrigerium
1020 2198 1092 2254 tam
1122 2191 1298 2255 hominum

348 2307 452 2369 quam
483 2308 660 2370 equorum.
713 2289 894 2354 Venerunt
922 2310 1059 2373 quoqne
1090 2290 1134 2353 ad
1167 2290 1296 2355 dictum

348 2387 474 2451 flumen
506 2388 656 2469 quodam
690 2388 745 2452 die
780 2389 917 2453 sabbati
953 2390 1045 2454 circa
1073 2389 1195 2454 horam
1221 2410 1297 2455 ves-

348 2488 530 2570 pertinam,
553 2495 658 2570 atque
677 2487 845 2552 ordinatis
867 2508 889 2552 a
904 2489 1037 2554 dextris
1055 2496 1091 2553 et
1105 2507 1127 2552 a
1148 2489 1299 2553 sinistris

348 2587 438 2670 bigis
462 2594 498 2651 et
517 2586 696 2670 quadrigis
721 2595 756 2651 et
782 2588 941 2652 omnibus
966 2588 1144 2665 vehiculis,
1171 2591 1296 2670 quibus

348 2686 515 2750 victualia
540 2695 575 2751 et
595 2706 692 2750 arma
717 2705 794 2750 cum
825 2686 993 2751 machinis
1022 2695 1057 2752 et
1082 2686 1215 2751 bellicis
1242 2691 1296 2752 in·

348 2787 549 2849 strumentis
580 2785 688 2850 allata
719 2785 867 2863 suerent,
891 2794 987 2851 totns
1020 2787 1078 2850 ille
1109 2789 1296 2864 exercitus,

348 2886 511 2949 adhibitis
541 2885 807 2970 circumquaque
838 2887 1051 2963 custodibus,
1094 2894 1197 2950 nocte
1237 2887 1298 2951 illa

348 2985 492 3066 quievit.

415 3084 520 3147 Mane
553 3092 669 3148 autem
704 3084 809 3162 lacto,
837 3104 915 3149 cum
952 3086 1125 3168 principes
1158 3086 1295 3150 militiae

347 3182 439 3263 regis
471 3181 664 3264 Anglorum
699 3185 741 3248 de
775 3185 926 3249 adventu
959 3185 1051 3266 regis
1082 3184 1296 3250 Francorum

346 3281 528 3347 certificati
552 3283 710 3360 fuissent,
733 3284 852 3348 habito
875 3292 1028 3348 tractatu
1047 3283 1220 3366 diligenti,
1242 3284 1297 3348 de-

347 3390 529 3446 creverunt
560 3384 786 3447 communiter
809 3392 1002 3466 campestre
1034 3384 1191 3465 praelium
1222 3403 1298 3448 cum

347 3481 504 3545 hostibus
521 3502 720 3561 conserere;
743 3483 817 3558 sed,
828 3485 911 3565 qnia
924 3482 997 3547 dies
1013 3483 1199 3547 Dominica
1213 3491 1298 3558 erat,

348 3582 459 3644 visum
485 3590 538 3646 est
562 3582 829 3663 sapientioribus
851 3582 893 3646 de
912 3584 1081 3658 exercitu,
1097 3590 1133 3646 et
1148 3584 1298 3646 maxime

349 3680 546 3762 Reginaldo
574 3681 747 3762 quondam
776 3682 894 3746 comiti
927 3682 1107 3758 Bononiae,
1139 3682 1300 3746 inhones-

348 3788 420 3844 tum
441 3800 516 3844 esse
534 3779 569 3842 in
586 3788 686 3844 tanta
701 3781 920 3845 solemnitate
935 3782 1064 3845 bellum
1083 3782 1297 3846 committere

347 3888 383 3944 et
412 3887 548 3943 tantum
582 3880 671 3943 diem
701 3880 884 3945 homicidio
908 3888 943 3944 et
969 3881 1135 3945 effusione
1158 3881 1296 3945 humani

382 4076 442 4128 ¹Au
460 4084 554 4143 pontem
572 4081 601 4129 de
620 4080 756 4144 Redime]
781 4080 806 4129 A
833 4081 882 4130 eud
901 4077 982 4144 Lisle)
997 4082 1020 4129 is
1039 4081 1112 4143 given
1130 4082 1165 4143 by
1178 4083 1259 4146 Brito,
1272 4099 1295 4144 p.

345 4164 406 4210 very
416 4149 522 4211 spirited
539 4153 646 4198 account
655 4150 685 4199 of
697 4151 738 4199 the
753 4151 808 4199 bat·
833 4156 875 4200 94.
901 4150 1298 4213 comparechronmesoenn,

346 4220 381 4268 tle
392 4219 421 4268 oi
430 4220 538 4269 Borines
550 4217 679 4285 (between
689 4220 807 4284 Toumay
833 4236 860 4284 p.
871 4225 929 4272 loo.
