2970 5016
404 464 469 528 186
664 479 799 527 aocnm
824 480 870 527 nn
894 479 1102 528 wannovna

241 653 364 693 alt-¹²⁰⁶·
403 640 508 704 etiam
527 647 681 721 tempore
703 639 794 703 idem
812 659 875 702 rex
895 640 989 702 misit
1009 639 1055 702 ad
1074 639 1205 703 curiam
1225 637 1359 702 Roma-

404 758 484 803 nam
507 738 674 821 quosdam
696 737 959 803 Cantuariensis
978 739 1134 803 ecclesiae
1156 738 1357 814 monachos,

404 839 495 902 inter
523 858 612 920 quos
646 839 819 921 praecipue
849 845 925 902 erat
955 839 1121 920 magister
1155 837 1280 902 Helias
1313 838 1358 900 de

406 937 619 1013 Branteield,
641 938 765 1018 quibus
786 937 829 1001 de
852 938 935 1000 fisco
962 939 1123 1020 copiosas
1147 957 1210 1001 rex
1236 937 1357 1000 minis·

406 1038 513 1102 travit
529 1056 715 1119 expensas,
737 1045 777 1100 ut
792 1037 993 1101 electionem
1016 1037 1061 1101 de
1081 1037 1244 1119 episeopo
1268 1035 1347 1100 Nor

405 1137 545 1201 wicensi
563 1137 690 1200 iactam
713 1137 940 1218 impetrarent
959 1154 981 1200 a
1000 1136 1140 1202 domino
1164 1155 1257 1219 papa
1273 1154 1356 1199 con-

405 1236 543 1299 firmari.
607 1235 781 1299 Miserunt
810 1243 926 1300 autem
953 1235 1073 1300 eodem
1102 1242 1257 1317 tempore
1284 1235 1357 1317 epi·

404 1337 501 1417 scopi
524 1333 787 1399 cantuariensis
813 1335 968 1398 ecclesiae
995 1334 1205 1416 suffraganei
1228 1353 1354 1417 procu·

405 1442 538 1499 ratores
553 1434 715 1512 Romam,
726 1453 868 1516 gravem
882 1453 998 1498 coram
1010 1433 1150 1498 domino
1165 1452 1260 1516 papa
1274 1453 1356 1515 que·

405 1535 511 1598 relam
535 1542 778 1616 proponentes,
796 1533 888 1615 quod
911 1534 1071 1598 videlicet
1087 1533 1248 1598 monachi
1264 1530 1356 1596 Can-

407 1634 599 1698 tuarienses
621 1634 695 1696 sine
720 1633 789 1696 illis
813 1632 1016 1698 electionem
1037 1642 1166 1697 temere
1185 1632 1354 1713 archiepi-

404 1734 501 1816 scopi
529 1733 829 1815 praesumpsissent
860 1732 1045 1810 celebrare,
1077 1752 1155 1796 cum
1186 1732 1254 1814 ipsi
1286 1750 1356 1795 uua

404 1832 572 1896 cumillis
593 1832 636 1896 de
653 1833 733 1915 jure
753 1833 927 1896 communi
943 1841 979 1897 et
995 1831 1244 1897 cousuetudine
1266 1831 1358 1894 anti·

405 1952 476 2014 qua
507 1932 667 1996 electioni
700 1931 866 1996 interesse
898 1932 1125 2011 debuissent3
1160 1931 1357 2013 allegarunt

405 2033 508 2094 etiam
546 2038 789 2114 procuratores
824 2032 1004 2096 memorati
1033 2051 1138 2114 super
1168 2030 1358 2113 praemissis

406 2130 544 2194 decreta
566 2138 601 2194 et
623 2131 794 2212 exempla,
811 2130 977 2213 quosdam
999 2137 1106 2195 testes
1127 2130 1357 2213 producentes

406 2237 441 2293 et
458 2229 577 2293 literas
593 2229 843 2294 testimoniales
864 2230 1079 2307 exhibentes,
1098 2230 1225 2311 quibus
1242 2236 1356 2293 osten-

406 2329 487 2393 dere
513 2329 723 2406 nitebantur,
746 2330 839 2413 quod
861 2329 928 2412 ipsi
953 2329 1162 2410 suffraganei
1184 2348 1256 2392 una
1279 2348 1357 2392 cum

407 2428 583 2493 monachis
600 2435 670 2493 tres
692 2429 979 2510 metropolitanos
999 2430 1185 2511 elegerant.
1233 2428 1357 2492 Mona·

406 2527 462 2592 chi
482 2547 565 2592 vero
583 2548 602 2592 e
624 2529 796 2592 contrario
821 2530 1035 2606 asserebant,
1055 2528 1148 2611 quod
1171 2527 1357 2612 privilegio

406 2628 548 2710 speciali
575 2627 811 2692 Romanorum
836 2628 1037 2711 pontificum
1055 2628 1150 2692 etde
1171 2634 1358 2693 consuetu-

406 2728 487 2792 dine
514 2729 708 2810 approbata
735 2735 771 2790 et
800 2728 945 2809 antiqua
973 2728 1049 2790 siue
1072 2727 1243 2809 episcopis
1268 2727 1358 2791 elec-

407 2828 518 2892 tiones
544 2827 657 2891 facere
680 2835 944 2903 consueverant,
966 2827 1183 2908 quodetiam
1205 2845 1267 2908 per
1289 2833 1358 2890 tes-

408 2935 460 2992 tes
488 2926 631 2989 idoneos
661 2925 783 2989 docere
812 2927 1054 3008 promisemnt.
1107 2925 1248 2990 Auditis
1276 2925 1358 2989 binc

407 3026 486 3089 inde
508 3026 786 3106 allegationibus,
805 3026 1020 3108 testibusque
1043 3026 1201 3091 admissis
1223 3033 1259 3089 et
1278 3024 1357 3089 dili·

407 3132 530 3206 genter
554 3125 774 3199 examinatis,
797 3127 962 3207 praeiixus
991 3135 1046 3190 est
1071 3126 1144 3190 dies
1172 3144 1194 3188 a
1217 3124 1359 3188 domino

407 3244 500 3306 papa
515 3226 683 3306 partibuS,
701 3224 902 3288 duodecimo
919 3225 1052 3289 scilicet
1068 3225 1235 3288 kalendas
1248 3224 1273 3288 J
1275 3245 1358 3288 anu-

408 3324 485 3400 arii,
504 3324 547 3386 ad
572 3324 877 3406 pronuntiandum,
904 3332 943 3388 ut
967 3332 1049 3388 tunc
1071 3323 1241 3402 venirent,
1264 3325 1356 3409 quod

403 3423 463 3508 jus
486 3424 681 3501 dictaverit,
698 3423 879 3506 recepturi.

463 3622 505 3687 Ut
520 3644 574 3687 raa
587 3621 743 3687 Johaaaaaa
756 3622 790 3684 a'a
806 3621 987 3685 Pictaviom
1003 3621 1156 3686 transieras
1170 3631 1308 3687 castrum

607 3719 864 3785 dicatis-Albani
871 3730 1011 3806 potenter
1026 3721 1147 3807 careat.

259 3895 383 3944 onam·
460 3861 589 3926 Eodem
610 3881 701 3926 anno
719 3881 782 3926 rex
803 3861 996 3945 Anglorum
1017 3863 1197 3928 Johannes
1219 3865 1255 3928 in
1279 3865 1359 3929 heb·

252 3935 381 3976 ¹¹⁰⁹⁰¹¹⁰⁰‘
408 3961 556 4025 domada
585 3961 811 4027 Pentecostes
842 3964 1031 4027 exercitum
1069 3964 1233 4045 grandem
1267 3966 1358 4047 apud

408 4061 650 4126 Portosmuthe
685 4064 923 4145 congregavit,
948 4071 983 4127 ct
1012 4065 1159 4145 septimo
1191 4062 1359 4128 kalendas

406 4160 492 4225 Julii
521 4182 626 4226 navos
658 4165 892 4228 conscendens
925 4164 1073 4246 septimo
1098 4162 1176 4228 idus
1198 4163 1222 4227 J
1227 4165 1287 4228 ulii
1315 4165 1358 4228 ad
