2970 5016
464 478 603 526 ruonns
627 478 898 528 ursvonninuu.
1088 465 1155 528 259

200 630 296 694 ilium
329 634 465 697 comitis
498 634 672 698 Flandriae
709 634 930 710 destinatum,
965 654 1153 718 casumque
1166 649 1290 692 A·¹³·¹2¹³·

200 749 273 794 suae
299 733 421 796 classis
450 753 492 797 ac
519 734 683 797 damnum
711 735 946 816 irreparabile,
974 734 1066 816 quod
1092 754 1152 798 ac-

201 830 345 908 ciderat,
366 833 440 913 regi
459 853 522 915 per
540 834 694 897 ordinem
717 833 921 896 retulerunt.
969 833 1048 896 Rex
1065 853 1151 916 qno-

200 949 267 1012 que
284 930 478 1014 Philippus,
495 952 571 996 cum
595 931 793 1014 hujusmodi
809 933 1030 1013 cognovisset
1045 952 1149 997 even-

199 1037 285 1105 tum,
301 1049 323 1094 a
342 1031 508 1094 Flandria
524 1050 603 1094 cum
620 1050 747 1112 magno
770 1033 824 1094 sui
847 1051 1056 1114 suorumque
1078 1033 1149 1096 dis-

198 1128 324 1210 pendio
337 1130 502 1193 confusus
518 1131 673 1194 recessit.

269 1303 318 1365 De
332 1299 517 1366 absolutione
532 1302 612 1387 repis
625 1302 750 1387 Aepltae
766 1302 855 1387 opud
875 1303 1066 1368 Wiotoaiom

618 1403 725 1486 sacto.

250 1523 327 1587 Rex
341 1533 457 1589 autem
471 1523 678 1607 Anglorum,
688 1545 766 1589 cum
778 1545 831 1600 ea,
845 1543 923 1606 quae
932 1526 969 1588 in
984 1525 1148 1589 Flandria
1161 1538 1236 1578 blut·
1257 1588 1263 1598 ,

197 1631 297 1703 gesta
307 1622 456 1701 fuerant,
470 1644 491 1688 a
503 1625 728 1688 referentibus
737 1625 923 1697 didicisset,
937 1625 1079 1705 gavisus
1095 1633 1148 1689 est
1160 1593 1302 1728 ffiffm

197 1721 307 1798 valde,
323 1742 364 1786 ac
379 1724 633 1807 aliquantulum
648 1733 763 1787 mente
777 1724 899 1799 elatus,
916 1724 960 1787 ob
973 1723 1039 1787 boc
1055 1723 1147 1805 quod
1215 1699 1246 1728 ω

197 1821 384 1886 adventum
413 1823 504 1904 regis
529 1823 741 1887 Francorum
771 1823 815 1886 ad
839 1831 974 1904 tempus
1003 1831 1148 1887 noverat

195 1939 414 2002 suspensum,
429 1923 595 2004 praecepit
603 1923 824 2003 magnatibus
836 1930 871 1985 et
880 1923 1049 1985 universae
1060 1921 1147 1984 mul-

196 2019 347 2096 titudini,
364 2041 468 2103 quam
485 2021 530 2085 ad
543 2021 776 2085 defensionem
791 2021 914 2103 patriae
935 2021 1027 2084 circa
1041 2022 1145 2084 mari-

196 2118 282 2182 tima
298 2120 540 2197 collocaverat,
565 2128 605 2184 ut
620 2122 663 2184 ad
684 2123 824 2203 propria
850 2128 1063 2198 remearent;
1087 2119 1146 2183 de·

196 2217 275 2281 inde
303 2220 397 2283 misit
418 2220 587 2283 militibus
603 2221 687 2297 suis,
708 2221 768 2302 qui
790 2227 890 2284 erant
910 2221 947 2282 in
966 2219 1145 2296 Flandria,

196 2335 357 2398 magnam
393 2320 547 2401 pecuniae
583 2338 765 2396 summam,
798 2321 1003 2402 promittens
1031 2325 1067 2382 et
1094 2319 1145 2382 eis

195 2417 365 2480 auxilium
392 2419 622 2501 imperatoris,
652 2426 693 2482 ut
717 2426 843 2482 terram
874 2419 966 2499 regis
992 2418 1145 2481 Franco-

195 2535 272 2578 rum
295 2517 465 2581 hostiliter
483 2518 631 2600 ingressi
654 2517 821 2581 incendiis
840 2517 965 2581 ibidem
980 2525 1145 2581 vacarent

195 2623 229 2679 et
243 2617 387 2698 rapinis.
440 2618 522 2698 Ipse
538 2636 676 2698 qnoque
699 2636 760 2680 rex
783 2616 875 2698 apud
900 2614 1144 2679 Portesmutbe

195 2717 383 2781 exercitum
406 2717 634 2798 congregavit
659 2715 876 2792 immensum,
899 2722 939 2778 nt
962 2713 1006 2777 ad
1025 2712 1143 2778 Picta·

195 2814 286 2877 viam
304 2815 567 2895 transfretaret3
588 2816 776 2897 disponens
789 2834 811 2879 a
825 2821 925 2897 parte
943 2813 1142 2889 occidentis,
1162 2859 1164 2863 -

194 2914 284 2977 sicut
306 2914 357 2977 illi
379 2917 439 2998 qui
463 2923 562 2979 erant
582 2915 619 2978 in
638 2914 805 2978 Flandria
827 2933 848 2977 a
869 2921 969 2996 parte
988 2912 1142 2990 orientis,

193 3032 308 3094 regem
333 3021 369 3077 et
390 3034 533 3096 regnum
560 3014 773 3078 Francorum
789 3014 993 3095 inquietare,
1009 3031 1142 3076 necnon

193 3115 378 3177 cumomni
395 3115 472 3177 nisu
484 3122 595 3178 terras
611 3115 756 3178 amissas
774 3113 817 3177 ad
832 3133 933 3176 suum
953 3112 1142 3177 dominium

192 3231 367 3277 revocare.
394 3213 460 3277 Sed
476 3214 578 3277 aliter
588 3214 714 3278 accidit
727 3233 830 3295 quam
844 3213 1019 3295 sperabat,
1032 3206 1142 3292 ¹mag-

193 3320 292 3375 nates
315 3314 406 3376 enim
429 3312 569 3395 Angliae
599 3315 712 3396 ipsum
740 3314 838 3394 sequi
868 3313 1053 3377 noluerunt
1075 3311 1142 3375 nisi

193 3412 288 3492 prius
313 3431 334 3475 a
356 3413 529 3477 sententia
551 3413 917 3476 excommunicationis
945 3411 1142 3474 absolvere·

194 3515 261 3573 tur.
318 3510 398 3575 Hac
424 3533 507 3595 ergo
528 3512 744 3576 districtione
766 3532 829 3575 rex
852 3510 1051 3592 compulsus
1079 3510 1142 3572 mi-

192 3609 238 3672 sit
256 3602 389 3675 ²cartas
412 3612 536 3694 viginti
560 3621 710 3694 quatuor
733 3612 897 3675 comitum
920 3619 955 3673 et
974 3609 1140 3672 baronum

192 3708 236 3771 ad
259 3709 557 3793 archiepiscopum
586 3720 620 3775 et
644 3712 826 3793 episcopos
853 3709 1074 3791 praescriptos
1096 3706 1141 3770 ad

191 3808 358 3891 majorem
390 3813 623 3889 securitatem,
655 3821 695 3874 ut
726 3811 817 3875 omni
854 3817 948 3873 metu
984 3807 1141 3889 deposito

227 4012 385 4078 ¹Mugautes.
398 4018 409 4080 ]
437 4018 596 4079 Coggesbale
618 4034 656 4068 re·
681 4034 713 4068 on
723 4018 766 4067 the
776 4020 836 4079 plea
846 4018 901 4068 tbat
908 4019 974 4068 their
980 4032 1066 4068 means
1074 4032 1142 4067 vvere

190 4085 255 4134 lates
284 4086 339 4135 that
363 4086 395 4136 be
422 4088 526 4150 applied
559 4093 585 4137 lo
613 4089 655 4137 the
681 4088 768 4149 nearly
778 4089 928 4139 exhausted.

191 4155 424 4206 Nortbumberland
435 4159 527 4208 barone
537 4158 576 4206 sor
586 4159 656 4220 belp,
715 4155 859 4223 'Gar-toa]
877 4158 984 4210 Printed
1000 4159 1026 4206 in
1039 4158 1143 4221 Rymer,

191 4224 238 4273 but
249 4225 304 4275 that
315 4225 374 4288 they
382 4228 494 4278 excueed
505 4228 655 4278 themselves
681 4229 698 4278 i.
710 4244 737 4289 p.
749 4231 806 4278 m.

997 4329 1036 4372 sl
