2970 5016
379 464 519 516 monus
543 470 815 519 ursronrnaun.
1027 454 1071 517 25

117 625 146 686 si
173 626 209 687 iu
236 625 329 690 terra
353 627 563 691 interfecerit
582 647 801 710 quemqnam,
830 648 906 692 cum
933 636 1069 692 mortuo
1082 643 1206 683 rib-¹¹⁹⁰·

116 723 245 804 ligatus
278 726 517 805 confodiatur3
555 729 585 789 si
622 729 700 810 quis
737 729 916 792 convictus
953 728 1069 805 suerit,

118 825 210 904 quod
234 826 412 889 cultellum
435 826 478 890 ad
510 826 616 891 alium
639 827 899 908 percutiendum
924 836 1069 891 extrax-

119 924 196 1000 erit,
222 934 284 989 aut
313 926 405 1008 quod
428 926 535 989 alium
559 926 602 990 ad
626 928 828 1007 sauguinem
850 929 1069 1009 percusserit,

120 1042 271 1105 pugnum
287 1025 429 1106 perdat3
453 1026 484 1088 si
499 1033 614 1089 autem
636 1026 753 1108 palma
769 1027 989 1108 percusserit,
1006 1028 1067 1091 tri-

119 1122 184 1185 bus
208 1125 341 1188 vicibus
363 1133 541 1206 mergatur
563 1126 599 1189 in
625 1127 732 1204 mari;
759 1128 789 1189 si
811 1128 889 1209 quis
911 1127 947 1189 iu
973 1127 1068 1191 socio

119 1224 355 1303 opprobrium,
379 1224 580 1302 convitium,
604 1234 665 1289 aut
695 1224 811 1289 odium
840 1226 908 1289 Dei
933 1226 1069 1310 objece-

120 1322 177 1397 rit,
192 1331 278 1404 quot
294 1324 424 1388 vicibus
447 1324 479 1387 ei
502 1325 712 1388 convitiatus
736 1325 851 1402 fuerit,
875 1333 929 1389 tot
948 1325 1070 1389 uncias

120 1423 256 1501 argenti
291 1424 439 1503 reddat3
471 1425 563 1487 latro
595 1426 777 1488 convictus
807 1425 849 1487 de
876 1424 979 1500 furto,
1009 1426 1070 1506 pix

120 1520 269 1585 bulliens
298 1543 403 1605 super
434 1531 541 1605 caput
572 1524 648 1608 ejus
671 1523 867 1587 effundatur
890 1532 925 1587 et
951 1524 1071 1605 pluvia

122 1620 312 1701 pulvinaris
335 1642 439 1706 super
464 1630 569 1705 caput
592 1624 668 1707 ejus
695 1625 894 1688 excutiatur
922 1623 965 1686 ad
988 1643 1071 1705 cog·

122 1722 330 1785 noscendum
359 1743 450 1800 eum,
476 1730 510 1786 et
534 1724 570 1785 iu
598 1725 706 1805 prima
734 1731 838 1800 terra,
867 1742 937 1806 qua
964 1742 1071 1786 naves

122 1819 363 1901 applicuerint,
381 1816 625 1905 ¹projiciatur.'
672 1823 749 1886 Has
770 1831 885 1887 autem
903 1823 1072 1886 constitu-

120 1918 234 1983 tiones
267 1922 310 1984 ab
340 1923 498 1985 omnibus
530 1921 603 1985 fore
637 1923 884 1999 observandas,
914 1930 949 1985 et
980 1923 1070 2003 quod

120 2018 249 2099 singuli
266 2022 421 2103 praefatis
432 2021 638 2104 justiciariis
652 2023 842 2100 obedirent,
858 2021 940 2087 fecit
954 2040 1071 2086 sacra-

122 2127 238 2182 mento
267 2121 483 2200 confirmari;
517 2141 587 2203 quo
610 2122 715 2199 facto,
741 2124 904 2205 praecepit
929 2123 1070 2186 rectori·

122 2218 187 2280 bus
205 2220 336 2301 navigii
355 2222 421 2298 sui,
439 2229 478 2284 ut
493 2222 651 2303 protinus
670 2242 763 2286 mare
780 2222 954 2286 sulcantes
978 2223 1069 2305 apud

123 2316 318 2382 Marsiliam
336 2321 493 2385 venirent
509 2320 552 2383 ad
572 2340 662 2384 eum.

127 2483 170 2550 Ut
184 2506 237 2548 roc
253 2485 433 2549 Richardue
447 2485 537 2572 opud
558 2484 747 2550 Vizoliocum
756 2497 913 2571 peramat
930 2485 1072 2551 baculum

529 2586 670 2670 suscepit.

172 2700 303 2765 Eodem
326 2709 480 2783 tempore
502 2701 571 2764 duo
598 2721 709 2782 reges,
736 2700 948 2764 Francorum
979 2700 1071 2763 vide·
1086 2723 1213 2772 uacua

121 2801 202 2864 licet
237 2809 272 2864 et
299 2799 507 2882 Auglorum,
538 2807 773 2865 convenerunt
802 2799 894 2880 apud
921 2773 1234 2872 vizelia-llglill'll

121 2920 211 2976 cum,
229 2902 286 2963 ubi
304 2920 429 2982 corpus
448 2903 559 2965 beatae
575 2900 700 2964 Mariae
719 2898 938 2980 Magdalenae
957 2900 1071 2980 requi·
1085 2872 1170 2913 ⁹¹⁸⁰*

120 3001 218 3076 escit,
246 3001 282 3063 iu
311 3000 445 3064 octavis
476 3002 589 3065 sancti
622 2999 645 3062 J
649 2999 795 3063 ohannis
824 2999 1007 3081 Baptistae,
1036 3006 1071 3062 et

121 3119 184 3181 per
205 3100 292 3163 duos
320 3100 393 3162 dies
423 3100 469 3164 ibi
493 3119 623 3163 moram
646 3099 820 3176 secarunt3
854 3107 889 3162 et
911 3119 973 3162 rex
997 3097 1071 3162 Aa·

119 3198 256 3280 giorum
273 3200 320 3262 ibi
337 3193 472 3281 ²peram
489 3201 619 3281 recepit
636 3208 670 3263 et
687 3199 859 3274 baculum,
874 3199 909 3261 in
924 3200 1071 3263 ecclesia

121 3300 234 3362 sancti
258 3298 430 3382 Dionysii.
478 3299 611 3362 Deinde
636 3320 735 3380 reges
755 3318 833 3361 cum
857 3306 930 3361 tota
955 3299 1071 3363 multi·

121 3399 239 3461 tudine
282 3399 428 3480 profecti
455 3409 622 3462 venerunt
652 3399 695 3462 ad
716 3382 935 3479 ¹Lugdunum
967 3418 1070 3480 super

124 3497 345 3575 Rhodanum,
364 3499 434 3575 ubi,
458 3518 535 3561 cum
559 3500 624 3581 ipsi
649 3507 683 3562 et
698 3498 850 3560 maxima
873 3516 953 3578 pars
971 3517 1071 3559 exer·

122 3598 210 3661 citus
238 3599 292 3660 sui
319 3609 459 3680 pontem
483 3597 645 3662 Rhodani
675 3597 955 3680 pertransissent,
983 3615 1097 3676 pons

124 3696 181 3760 ille
203 3697 333 3761 corruit
351 3707 385 3761 et
404 3698 531 3761 multos
554 3699 733 3779 utriusque
751 3715 856 3759 sexus
873 3696 1069 3759 submersit.

124 3795 254 3860 Postea
277 3814 359 3861 vero
382 3817 481 3880 reges
503 3798 604 3861 divisi
627 3808 709 3861 sunt
732 3798 776 3858 ab
798 3796 943 3859 invicem
968 3815 1070 3876 prop·

121 3904 175 3959 ter
194 3897 333 3960 nimiam
354 3897 528 3961 hominum
553 3896 817 3970 multitudinem,
842 3914 909 3957 nou
933 3902 1071 3975 poterat

158 4059 165 4088 ¹
176 4057 349 4121 Proiiciutur]
362 4057 512 4120 ‘Datapud
521 4057 583 4105 Chi·
609 4057 659 4104 aud
671 4057 738 4116 scrip
749 4061 776 4102 at
791 4054 882 4112 Toum,
898 4051 984 4113 Philip
996 4058 1023 4100 at
1034 4053 1072 4102 St.

121 4123 234 4186 nouem3’
253 4128 386 4178 Horedeu.
612 4127 701 4175 lionis.
746 4126 786 4170 (ln
805 4123 846 4170 the
865 4121 957 4171 former
975 4121 1013 4170 sor
1032 4123 1073 4172 the

155 4198 263 4246 ’Perum
284 4198 373 4261 recepit
396 4202 420 4246 et
443 4197 559 4245 11111111.
573 4189 584 4262 ]
611 4197 664 4245 first
673 4197 731 4243 tirne
744 4194 845 4254 leuning
852 4207 918 4254 upon
928 4192 956 4252 it,
965 4193 1007 4242 the
1016 4196 1077 4243 stall

121 4267 232 4317 Richard
257 4268 307 4317 had
326 4268 441 4318 received
464 4267 506 4316 the
528 4266 590 4316 stad
611 4266 705 4326 broke;
725 4263 927 4326 Heredemddb.
