2970 5016
397 461 461 525 184
649 477 783 525 uocum
807 478 854 525 on
878 477 1086 526 wnrvoovna

237 650 291 689 Ab·
304 651 358 690 ¹²⁰⁵·
399 655 483 699 voce
504 635 699 712 confitetur,
715 643 749 698 et
766 635 808 697 ad
827 634 890 697 hoe
910 633 1104 697 Romanam
1120 653 1158 696 se
1180 634 1275 696 adire
1290 654 1352 697 cu·

398 736 496 811 riam,
521 743 560 797 ut
582 734 708 798 factam
732 733 934 797 electionem
960 732 1202 812 confirmaret;
1232 733 1352 797 literas

398 835 538 915 insuper
567 841 771 910 conventus,
795 851 884 915 quas
913 831 954 894 de
983 840 1060 895 rato
1088 832 1248 909 babebat,
1275 834 1352 915 qui-

397 933 549 996 buslibet
563 933 724 1007 ostendit,
748 933 890 995 credens
913 931 949 994 in
972 931 1036 994 boc
1056 951 1171 995 causae
1188 951 1262 995 suae
1281 952 1352 995 me-

398 1033 502 1096 ritum
518 1052 586 1097 non
604 1033 822 1096 mediocriter
839 1050 1051 1113 promovere.
1104 1030 1259 1094 Tandem
1279 1030 1352 1095 Ro-

398 1151 490 1196 mam
510 1133 714 1214 perveniens
737 1131 939 1195 electionem
967 1149 1065 1193 suam
1088 1130 1228 1193 domino
1250 1150 1351 1213 papae

398 1239 433 1295 et
458 1231 534 1314 ejus
561 1230 793 1295 cardinalibus
817 1228 911 1293 illico
939 1229 1141 1312 publicavit,
1163 1229 1352 1312 literaeque

398 1349 480 1394 suas
507 1331 549 1394 de
577 1337 654 1394 rato
678 1330 794 1413 palam
820 1329 955 1392 cunctis
982 1328 1166 1393 ostendens
1190 1338 1351 1393 constan-

399 1438 453 1493 ter
474 1449 496 1493 a
515 1428 653 1493 domino
676 1449 769 1512 papa
790 1428 920 1508 exegit,
940 1434 980 1491 ut
1000 1427 1203 1492 electionem
1222 1428 1350 1493 luctam

398 1530 612 1611 benignitate
643 1528 835 1611 apostolica
866 1526 1110 1606 confirmaret3
1144 1547 1237 1610 papa
1267 1548 1350 1593 vero

398 1647 475 1692 oum
503 1627 723 1692 festinatione
749 1625 961 1710 respondens
986 1627 1087 1704 dixit,
1114 1646 1153 1689 se
1179 1627 1267 1691 velle
1291 1618 1357 1691 de?

397 1727 543 1791 liberaro
565 1727 674 1791 donec
697 1728 862 1810 maj0rem
883 1725 1026 1789 baberet
1045 1725 1285 1790 certitudinem
1307 1727 1350 1790 de

396 1845 595 1908 preemrssrs.

461 2000 511 2063 De
527 2001 665 2066 chetim
681 2000 847 2079 Jolauuis,
862 2000 1071 2064 Norwicooaas
1084 1997 1228 2085 episcopi,
1242 1997 1290 2062 od

627 2101 807 2184 petitionem
824 2101 904 2186 repis
920 2099 1103 2185 duplorum.

235 2239 372 2327 qoqqoqu
450 2223 614 2288 Monachi
637 2224 771 2288 interea
794 2224 1075 2301 cantuarienses,
1100 2242 1177 2288 cum
1199 2222 1242 2285 de
1265 2242 1349 2305 sup·

236 2299 354 2427 qffqffip
397 2323 511 2404 priore
529 2342 592 2385 suo
611 2325 868 2403 cognovissent,
885 2324 991 2406 quod,
1005 2322 1133 2387 violato
1145 2322 1347 2406 juramento

344 2414 350 2425 ’
398 2422 488 2503 quod
510 2422 649 2498 fecerat,
672 2424 790 2486 statim
815 2425 910 2488 utin
938 2422 1135 2486 Flandriam
1160 2421 1348 2503 applicuis-

398 2528 451 2585 set
469 2541 506 2586 se
529 2522 674 2586 electum
697 2530 865 2604 gesserat,
886 2542 1004 2587 eorum
1026 2520 1217 2603 detegendo
1237 2540 1348 2585 secre-

400 2628 484 2698 tum,
515 2623 675 2685 commoti
700 2629 782 2685 sunt
807 2621 1028 2686 vehementer
1049 2630 1170 2685 contra
1192 2640 1283 2698 eum,
1312 2629 1349 2684 et

397 2722 561 2785 continuo
581 2720 750 2802 quosdam
773 2720 815 2784 de
841 2729 1013 2786 conventu
1036 2719 1222 2784 monacbos
1244 2721 1348 2783 mise·

397 2828 479 2883 runt
498 2821 542 2883 ad
564 2840 689 2900 regem,
707 2821 919 2901 requirentes
944 2821 988 2884 ab
1009 2839 1050 2883 eo
1073 2820 1244 2883 licentiam
1267 2838 1349 2901 pas-

397 2927 506 2982 torem
536 2918 601 2981 sibi
632 2919 792 2982 idoneum
820 2920 994 3001 eligendi;
1028 2920 1153 3001 quibus
1179 2938 1240 3007 rex
1268 2939 1348 3000 pro-

397 3019 490 3080 tinus
523 3019 654 3099 absque
685 3020 777 3081 omni
807 3019 1078 3084 contradictione
1109 3018 1255 3098 benigne
1283 3037 1347 3081 an·

398 3117 472 3179 nuit
497 3116 589 3197 quod
618 3119 794 3199 petebant,
829 3127 863 3182 et
891 3119 1057 3182 secretius
1085 3118 1135 3180 eis
1167 3117 1347 3198 alloquens

396 3214 549 3279 ostendit
567 3215 616 3279 eis
636 3218 836 3299 episcopum
858 3217 1114 3281 Norwicensem
1135 3236 1262 3298 magna
1281 3217 1347 3280 sibi

396 3313 631 3379 familiaritate
657 3318 878 3400 conjunctum
906 3315 1001 3394 fores
1024 3318 1205 3399 ipsumque
1234 3316 1346 3379 solnm

396 3433 439 3477 ex
462 3415 620 3478 omnibus
638 3413 776 3497 Angliae
800 3416 954 3499 praelatis
977 3424 1185 3480 secretorum
1204 3435 1347 3479 suorum

395 3532 471 3576 esse
492 3516 689 3594 conscium3
713 3514 803 3579 unde
825 3517 889 3579 sibi
912 3524 946 3580 et
970 3536 1077 3596 regno
1097 3535 1160 3578 suo
1182 3534 1348 3596 magnum

398 3615 574 3677 asserebat
600 3617 781 3696 provenire
808 3616 1036 3692 commodum,
1064 3615 1093 3678 si
1119 3633 1195 3677 eum
1222 3615 1266 3677 ad
1293 3635 1349 3679 ar-

398 3711 690 3796 chiepiscopatum
709 3714 994 3778 Cantuuriensem
1013 3712 1199 3777 transferre
1215 3715 1349 3795 potuis·

398 3820 486 3875 sent.
534 3813 690 3894 Rogavit
708 3815 814 3894 igitur
830 3814 1028 3891 monachos,
1045 3821 1085 3877 ut
1100 3833 1169 3876 una
1186 3832 1263 3875 cum
1282 3814 1348 3877 cle·

397 3911 476 3974 ricis
507 3913 592 3989 suis,
625 3932 713 3994 quos
743 3914 912 3977 missurus
945 3921 1019 3977 erat
1052 3912 1094 3976 ad
1126 3920 1348 3992 conventum,

396 4008 485 4074 lianc
513 4012 714 4093 petitionem
740 4032 837 4077 suam
861 4014 946 4096 ipsis
968 4018 1193 4095 exponerent,
1218 4012 1347 4077 multos

393 4112 579 4175 conventui
601 4113 804 4194 promittens
826 4112 984 4190 honoros,
1001 4115 1029 4176 si
1050 4114 1160 4195 ipsum
1181 4113 1347 4178 exaudire

391 4207 635 4276 decrevissent.
692 4212 857 4277 Monachi
879 4234 960 4277 vcro
986 4212 1027 4275 ad
1056 4211 1196 4294 propria
1217 4212 1346 4277 reversi
