2970 5016
369 492 508 540 sponse
532 492 801 540 ursronnmun.
993 475 1057 538 143

294 725 432 808 Regnum
447 723 645 786 Francorum
660 721 873 785 interdicitur

155 843 225 908 Per
240 844 331 909 idem
347 853 482 929 tempus
500 840 644 909 ¹Petrue
658 845 701 908 de
718 845 852 926 Capua,
870 846 1057 910 cardinalis
1069 861 1095 901 s
1070 859 1192 950 narii?

105 952 140 1007 et
163 945 366 1026 apostolicae
393 944 485 1008 sedis
507 945 657 1025 legatus,
680 963 823 1025 regnum
843 911 1080 1008 Francorum
1069 959 1177 1049 mdo

106 1043 170 1105 sub
191 1044 375 1108 interdicto
392 1043 561 1107 conclusit
574 1051 715 1125 propter
731 1042 924 1124 captionem
940 1044 1057 1107 fratris

106 1140 204 1205 Petri
219 1142 262 1206 de
283 1143 402 1219 Duaii,
423 1141 687 1206 Cambracensis
710 1141 832 1220 electi3
862 1143 936 1219 sed,
958 1151 1056 1207 ante·

105 1259 208 1321 quam
223 1243 396 1305 sententia
410 1242 638 1314 relaxaretur,
657 1260 719 1304 rex
739 1240 952 1305 Francorum
967 1262 1057 1324 prse-

106 1338 216 1402 fatum
238 1340 385 1404 electum
408 1341 451 1403 ab
475 1338 569 1403 omni
593 1338 752 1402 custodia
773 1339 944 1404 liberavit.
990 1341 1058 1404 Eo·

106 1436 184 1501 dem
198 1457 336 1520 quoqne
350 1445 504 1521 tempore
520 1437 609 1500 idem
631 1438 767 1517 legatus
785 1436 828 1499 ad
852 1457 968 1519 regem
984 1439 1059 1502 An·

106 1536 241 1615 giorum
264 1538 406 1600 veniens
431 1537 495 1599 sub
522 1555 627 1618 poena
652 1536 823 1599 interdicti
849 1538 998 1618 rogavit,
1019 1546 1059 1601 ut

106 1635 305 1717 episcopum
332 1636 592 1711 Beluacensom,
617 1634 677 1716 qui
697 1635 772 1717 jam
799 1653 862 1716 per
886 1635 1059 1699 biennium

107 1734 172 1796 sub
192 1733 429 1797 crudelissima
452 1735 600 1797 carceris
625 1733 782 1796 custodia
803 1733 962 1797 detentus
984 1735 1058 1797 sue·

108 1839 175 1906 rat,
197 1832 340 1896 liberam
365 1833 569 1896 concederet
590 1832 765 1895 licentiam
791 1831 958 1911 abeundi;
988 1833 1058 1908 sed,

107 1931 272 2012 quoniam
285 1931 375 1995 idem
390 1932 572 2013 episcopus
588 1940 709 1994 contra
725 1930 854 1994 ordinis
878 1932 931 1994 sui
946 1931 1059 2013 digni·

109 2036 216 2093 tutem
239 2038 363 2112 captus
390 2030 503 2094 fuerat
528 2030 563 2092 in
589 2029 694 2092 armis
717 2036 756 2092 ut
780 2030 878 2093 miles
897 2031 953 2094 vel
976 2049 1059 2113 rup-

109 2129 230 2205 tarius,
248 2149 315 2193 non
333 2130 429 2212 prius
445 2136 499 2193 est
516 2129 611 2191 abire
628 2128 827 2210 permissus,
844 2128 965 2206 donec,
978 2124 1059 2194 'sex

108 2227 259 2291 millibus
283 2229 419 2309 argenti
445 2228 570 2291 marcis
593 2226 636 2290 ad
660 2227 795 2310 pondus
815 2228 1060 2309 sterlingorum

108 2328 297 2390 numeratis
313 2335 349 2390 et
364 2327 448 2391 fisco
467 2326 727 2402 commendatis,
750 2326 855 2406 regiae
878 2329 1059 2410 concupie-

108 2426 232 2489 centiae
265 2426 454 2503 satisfecit3
488 2445 557 2508 quo
583 2425 689 2500 facto,
716 2425 852 2507 juravit
878 2426 1061 2508 episcopus

109 2532 330 2601 memoratus,
360 2525 453 2607 quod
482 2543 658 2606 nunquam
686 2525 721 2586 in
747 2524 821 2586 vita
846 2542 910 2587 sua
939 2534 1061 2588 contra

110 2621 328 2687 Christianos
346 2642 443 2688 arma
459 2631 621 2705 gestaret.

33 2868 37 2875 Ι
132 2793 174 2858 Ut
188 2805 271 2859 caue
285 2816 380 2859 conca
396 2795 499 2859 ἀοσὶεα
507 2795 581 2879 fuit
596 2795 677 2857 inte-r
690 2791 829 2856 eccleciae
847 2793 1048 2856 Turnonem

475 2902 503 2956 et
517 2893 686 2956 Dolcneem.

162 3015 242 3080 Hoc
258 3035 350 3079 anno
367 3008 501 3078 ³decisa
522 3024 576 3079 est
590 3034 697 3079 causa
715 3013 952 3078 vetustissima
972 3013 1062 3078 iuter
1074 3030 1206 3072 υκιιιωοι

109 3113 273 3178 ecclesias
308 3114 546 3179 Turonensem
576 3122 611 3178 et
641 3114 841 3190 Dolensem,
875 3114 1009 3190 Romae,
1040 3083 1192 3222 alitilia

109 3231 200 3295 papa
217 3214 421 3278 Innocentio
437 3233 499 3296 per
520 3214 727 3278 sententiam
741 3211 979 3292 diffinitivam
1008 3232 1063 3276 ar·
1075 3231 1122 3272 nu

109 3312 328 3394 ohiepiscopo
344 3312 539 3377 Turonensi
560 3313 604 3376 eb
627 3313 790 3394 episcopo
811 3312 957 3376 Dolensi
980 3314 1061 3376 sub·

105 3411 293 3492 jectionem
317 3413 492 3492 exigente,
518 3418 553 3475 et
578 3411 741 3494 episcopo
759 3410 904 3475 Dolensi
923 3419 1061 3474 contra-

109 3509 257 3574 dicente.
308 3509 372 3574 Est
401 3518 517 3574 autem
546 3510 710 3574 Dolensis
742 3510 887 3573 ecclesia
918 3509 1062 3572 minoris

110 3607 303 3672 Britanniae
329 3609 543 3691 metropolis,
566 3609 666 3692 cujus
694 3608 876 3690 pontifices
899 3608 1063 3689 tempori·

109 3707 174 3769 bus
188 3708 301 3771 sancti
319 3707 463 3772 Martini
478 3717 514 3771 ct
531 3716 612 3771 ante
628 3716 665 3771 et
678 3708 787 3771 multo
802 3713 883 3788 post
896 3713 1062 3787 tempore,

108 3805 200 3869 sicut
217 3806 277 3870 alii
290 3824 409 3869 omnes
425 3807 568 3870 minoris
588 3805 780 3869 Britanniae
796 3805 975 3887 praesules,
992 3802 1063 3867 Tu·

108 3906 265 3968 ronensis
291 3906 446 3970 ecclesiae
471 3905 683 3987 suffraganei
706 3906 858 3979 suerunt,
881 3903 955 3981 sed,
978 3922 1064 3985 qua·

144 4101 253 4153 ¹Petrsu
263 4106 293 4153 de
306 4105 398 4167 capso
408 4104 419 4169 ]
441 4104 574 4164 Hoveden
602 4100 726 4151 thousand
728 4099 883 4162 ,according
894 4104 920 4148 to
932 4099 1064 4149 lloreden

107 4189 153 4236 pp.
166 4177 226 4235 794,
237 4178 295 4223 795.
638 4168 744 4219 'Decies
763 4173 800 4218 ert
817 4162 923 4237 cauca]
951 4168 1018 4219 lbid.
1038 4184 1065 4230 p.

144 4240 362 4292 ’Scenitiitw
374 4240 496 4304 murcie]
514 4241 577 4289 Two
603 4243 661 4291 797.
