2970 5016
338 463 403 527 372
591 480 725 526 nouum
751 480 797 525 nu
821 478 1026 526 wuunovnu

178 651 301 692 ΛΜΝ.
339 637 536 713 Lodowico,
553 637 681 702 domiui
699 640 790 720 regis
811 639 1023 701 Francorum
1044 636 1288 717 primogenito,

339 737 385 801 D.
399 737 442 800 de
463 737 638 814 Corbolio‚
650 737 684 801 J.
697 732 755 799 ¹de
774 737 1011 811 Montevisito‚
1027 740 1062 796 et
1079 732 1126 797 G.
1139 732 1287 808 Limeth‚

338 835 464 912 nuntii,
482 836 629 898 salutem
649 843 684 899 et
701 836 801 898 fidele
819 835 1009 898 servitium.
1063 832 1214 896 Noverit
1230 851 1288 894 ex-

339 934 500 998 celientia
518 941 646 1010 vestra,
664 933 757 1017 quod
776 954 840 998 nos
860 934 914 996 die
932 932 1115 996 Dominica
1136 931 1180 992 ad
1198 951 1289 994 meu-

339 1052 411 1097 sem
430 1032 575 1096 Paschae
593 1034 749 1096 venimus
764 1032 807 1095 ad
826 1032 1002 1095 domiuum
1023 1048 1164 1112 papam,
1180 1029 1288 1109 salvis

339 1132 496 1214 personis
522 1138 557 1195 et
581 1133 682 1194 rebus
707 1131 846 1206 nostris,
869 1138 903 1193 et
924 1129 1042 1193 eodem
1065 1129 1121 1191 die
1147 1128 1288 1191 intravi-

340 1249 416 1292 mus
433 1230 550 1319 statim
576 1230 769 1313 adipsum,
795 1248 896 1311 quem
923 1227 1065 1290 hilarem
1092 1227 1288 1289 invenimus

339 1329 400 1391 sed
418 1328 516 1392 vultu
536 1329 668 1392 tristem
688 1346 725 1391 se
748 1329 846 1391 nobis
867 1327 1046 1404 exhibuit3
1069 1332 1117 1401 et,
1140 1343 1287 1406 praesen·

340 1427 423 1490 tatis
451 1426 558 1490 literis
584 1427 712 1491 nostris
741 1434 776 1489 et
804 1426 982 1508 proposita
1005 1424 1219 1487 salutatione
1244 1443 1288 1486 ex

339 1533 439 1607 parte
469 1533 597 1602 vestra,
633 1526 707 1607 ipse
740 1525 840 1587 nobis
871 1521 1059 1605 respondit,
1102 1522 1196 1604 quod
1229 1523 1286 1584 do

339 1625 454 1686 minus
476 1632 591 1687 vester
614 1643 682 1687 non
706 1623 751 1687 sit
772 1623 898 1704 diguus
919 1620 1131 1684 salutatione
1155 1628 1285 1683 nostra.

340 1720 417 1802 Ego
442 1740 525 1784 vero
552 1722 670 1784 statim
695 1721 867 1804 respondi,
892 1719 1033 1795 ‘Pater,
1056 1719 1159 1782 credo
1182 1719 1286 1800 quod,

341 1819 468 1883 auditis
488 1821 680 1884 rationibus
702 1829 737 1884 et
755 1819 1037 1883 excusationibus
1057 1817 1187 1881 domiui
1208 1836 1285 1880 nos·

340 1919 398 1995 tri,
430 1918 612 1981 invenietis
645 1938 723 1981 oum
752 1918 895 2000 dignum
926 1916 1137 1979 salutatione
1160 1925 1286 1993 vestra,

342 2024 463 2098 utpote
483 2015 729 2093 Christianum,
752 2016 971 2092 catholicum,
990 2014 1088 2078 vobis
1106 2024 1143 2078 et
1159 2013 1287 2077 Roma-

340 2133 395 2176 nae
418 2115 573 2177 ecclesiae
598 2135 733 2197 semper
754 2115 917 2179 devotum
930 2112 950 2193 3'
979 2120 1015 2177 et
1035 2114 1085 2176 sic
1107 2112 1169 2175 illo
1190 2113 1246 2175 die
1266 2132 1286 2175 a

340 2211 525 2299 praeseutia
552 2210 681 2275 domini
712 2233 812 2295 papae
838 2213 1054 2285 recessimus,
1080 2211 1142 2275 sed
1170 2212 1207 2273 in
1237 2231 1285 2275 re·

340 2328 439 2372 oessu
469 2316 587 2372 nostro
613 2312 859 2391 benignissime
885 2312 982 2374 nobis
1011 2309 1101 2373 dixit
1127 2310 1286 2373 dominus

341 2425 445 2489 papa,
461 2407 554 2490 quod
570 2428 633 2472 nos
647 2408 794 2472 libenter
802 2410 937 2472 audiret
949 2408 1088 2491 quaudo
1103 2416 1140 2473 et
1152 2409 1285 2489 quoties

340 2499 533 2570 vellemus'
585 2507 749 2590 Sequenti
776 2509 830 2571 die
859 2508 985 2572 Martis
1012 2507 1171 2570 dominus
1199 2526 1288 2595 papa

341 2604 435 2667 misit
448 2606 654 2670 servientem
670 2607 841 2690 quendam
857 2607 901 2670 ad
917 2607 1103 2693 hospitium
1121 2612 1287 2681 nostrum,

341 2709 381 2766 ut
398 2703 593 2768 veniremus
616 2704 660 2768 ad
686 2705 811 2786 ipsum,
834 2711 867 2768 et
887 2705 1007 2769 statim
1027 2704 1184 2767 venimus
1206 2712 1286 2767 aute

342 2819 442 2880 eum;
468 2810 503 2865 et
524 2803 598 2885 ipse
623 2803 732 2867 multa
758 2804 848 2866 dixit
871 2812 993 2867 contra
1018 2822 1185 2867 nuscum
1209 2823 1286 2884 pro-

341 2898 574 2980 posuissemus
603 2920 742 2964 causam
778 2908 943 2978 nostram,
977 2921 1056 2983 quae
1083 2902 1288 2965 videbantur

340 2997 544 3080 impugnare
569 2998 698 3063 sactum
731 3008 883 3063 vestrum
909 3008 943 3063 et
969 3001 1121 3064 rationes
1143 3007 1287 3073 vestras,

341 3105 376 3158 et
394 3097 512 3159 statim
540 3097 638 3160 finito
665 3116 833 3174 sermone,
864 3117 1027 3181 percusso
1057 3105 1197 3179 pectore
1226 3118 1287 3161 suo

341 3211 420 3256 cum
450 3213 577 3277 magno
607 3197 750 3277 gemitu,
780 3195 956 3260 infremuit
979 3197 1102 3279 spiritu
1131 3206 1167 3260 et
1187 3196 1287 3271 dixit,

341 3292 450 3380 ‘Heu
473 3294 567 3369 mibi,
588 3296 671 3376 quia
695 3295 731 3357 iu
755 3295 820 3359 hoc
841 3295 934 3359 facto
959 3295 1105 3358 ecclesia
1130 3295 1197 3358 Dei
1219 3314 1286 3358 non

341 3398 457 3471 potest
485 3391 631 3455 evadere
656 3392 915 3472 confusionem
948 3393 1091 3456 sienim
1119 3413 1181 3456 rex
1215 3392 1286 3456 An·

341 3487 422 3567 gliae
439 3490 601 3567 vincitur,
623 3491 656 3552 iu
681 3491 790 3572 ipsius
813 3491 1013 3556 confusione
1035 3490 1286 3567 confundimur,

341 3586 424 3666 quia
443 3588 597 3651 vasallus
622 3596 740 3651 noster
762 3597 816 3653 est
839 3598 875 3653 et
894 3597 1052 3653 tenemur
1073 3609 1152 3652 eum
1173 3589 1288 3653 defen-

340 3683 447 3763 dere3
490 3686 519 3747 si
556 3686 715 3749 domiuus
752 3686 956 3751 Lodowicus
994 3688 1157 3763 vincitur,
1194 3687 1285 3769 quod

342 3782 438 3846 Deus
460 3791 607 3860 avertat,
624 3785 661 3847 iu
678 3785 787 3865 ipsius
809 3785 951 3850 laesione
973 3787 1111 3849 laeditur
1127 3786 1288 3849 Romana

341 3882 498 3957 ecclesia,
531 3889 566 3945 et
595 3884 705 3963 ipsius
736 3883 910 3947 laesionem
946 3884 1121 3967 propriam
1152 3893 1289 3966 reputa-

338 3997 437 4057 mus;
469 4000 605 4062 semper
634 3979 816 4045 habuimus
847 4001 955 4064 spem,
985 3990 1020 4046 et
1044 3981 1158 4046 adhuc
1187 3984 1288 4047 habe·

520 4183 581 4236 η).
592 4187 769 4253 Massava]
787 4188 848 4238 ‘ne
861 4188 948 4239 nona
960 4190 986 4238 u
998 4185 1068 4252 sao:
1082 4192 1112 4241 c.
