2970 5016
342 462 408 527 292
594 479 728 527 uoouar
753 478 800 526 ua
822 477 1032 526 wanuovsn

183 652 201 741 ἓ
202 650 306 740 a{153⁴
344 634 417 712 sod,
440 656 517 700 curn
545 637 684 701 tandem
709 635 812 718 hujus
838 635 888 697 rei
913 633 1037 698 notitia
1055 631 1099 696 ad
1120 631 1214 713 regis
1232 631 1295 694 Jo-

182 750 281 791 Boune-
345 735 468 799 hannis
488 736 697 799 audientiam
719 735 945 817 pervenisset,
963 733 1079 797 animo
1096 732 1200 794 nimis
1216 751 1295 794 con-

344 842 520 899 sternatus
546 836 764 899 adstantibus
786 834 876 897 dixit
879 832 1114 913 ,‘Postquam
1138 831 1216 894 Deo
1244 850 1296 893 re·

344 935 548 998 conciliatus
573 954 626 997 me
653 953 694 997 ac
717 952 795 997 mea
817 952 937 1014 regna,
967 930 1053 1013 proh
1081 930 1193 1005 dolor,
1227 928 1298 993 Ro-

345 1052 456 1097 manae
455 1001 604 1117 subjeci
621 1033 788 1110 ecclesiae,
807 1032 902 1095 nulla
929 1031 1011 1093 mihi
1034 1049 1214 1113 prospera,
1238 1028 1296 1092 sed

346 1135 520 1197 contraria
545 1134 660 1196 omnia
684 1131 938 1214 pervenerunt!
991 1129 1121 1193 Eodem
1143 1137 1297 1210 tempore

346 1231 369 1294 J
373 1226 548 1308 ohannes,¹
578 1232 612 1295 N
614 1232 811 1296 orwicensis
837 1232 1031 1312 episcopus,
1055 1249 1077 1292 a
1103 1229 1201 1293 curia
1229 1227 1297 1291 Ro

347 1350 449 1394 mana
470 1332 604 1395 rediens
621 1332 657 1394 in
675 1331 848 1395 territorio
867 1329 1080 1393 Pictavieusi
1096 1328 1187 1392 diem
1204 1326 1298 1391 clau·

347 1430 393 1493 sit
414 1439 617 1507 extremum,
641 1430 740 1513 cujus
763 1448 888 1511 corpus
906 1428 941 1491 in
960 1427 1123 1508 Angliam
1144 1426 1296 1490 delatum

347 1530 438 1610 apud
465 1529 664 1594 Norwicum
688 1531 722 1592 in
746 1529 893 1592 ecclesia
915 1526 1102 1592 honorifice
1124 1525 1297 1609 sepultum

347 1636 411 1691 est.

414 1799 464 1864 Da
480 1801 593 1895 traapis
608 1801 689 1866 inter
703 1823 784 1887 repca
795 1802 994 1866 Francorum
1006 1811 1034 1866 et
1046 1802 1235 1888 daphnim.

400 1925 469 1989 His
492 1927 543 1990 ita
569 1927 688 2008 gestis,
716 1925 983 2009 procurantibus
1009 1926 1092 1989 viris
1115 1925 1297 2008 religiosis,

347 2032 489 2089 statutae
507 2034 588 2089 sunt
604 2034 735 2107 treugae
749 2025 785 2086 in
808 2026 965 2106 partibus
988 2027 1228 2089 transmarinis
1247 2027 1298 2088 in·

349 2132 401 2187 ter
423 2123 633 2206 Philippum,
651 2144 766 2206 regem
786 2124 1011 2201 Francorum,
1034 2131 1071 2188 et
1089 2125 1298 2201 Johannem,

348 2241 464 2302 regem
478 2221 836 2303 Anglorum,subhac
848 2218 1220 2306 forma32‘1’hilippus,
1233 2224 1298 2288 Dei

348 2322 463 2401 gratia
487 2341 549 2385 rex
576 2322 801 2398 Francorum,
826 2324 984 2386 omnibns
1012 2324 1075 2386 has
1099 2323 1221 2387 literas
1247 2325 1299 2386 in·

350 2421 532 2502 spectaris,
554 2421 714 2485 salutem.
761 2421 940 2487 Noveritis
957 2443 1021 2486 nos
1042 2422 1208 2501 Johanni,
1228 2424 1300 2504 regi

350 2519 558 2601 Anglorum,
581 2529 617 2585 et
638 2521 832 2584 hominihus
864 2529 900 2584 et
929 2522 1092 2603 imprisiis
1121 2523 1208 2600 suis,
1241 2523 1300 2606 qui

350 2627 470 2701 aperte
486 2628 721 2685 werraveruut
732 2640 795 2702 pro
810 2620 898 2703 ipso,
912 2621 955 2684 de
974 2620 1040 2685 hac
1053 2621 1177 2685 ultima
1191 2641 1302 2686 werra

350 2718 525 2801 usquead
553 2721 642 2783 diem
665 2719 767 2783 Jovis
790 2720 984 2801 proximum
1010 2727 1092 2802 post
1113 2720 1300 2786 exaltatio·

351 2837 428 2880 nem
450 2827 581 2882 sanotae
601 2817 723 2883 Crucis
745 2819 781 2881 in
799 2819 1005 2901 Septembri,
1030 2819 1166 2883 dedisse
1189 2830 1301 2885 rectas

352 2924 492 2997 treugas
508 2917 550 2979 de
569 2917 667 2981 nobis
684 2925 718 2981 et
734 2917 927 2982 hominibus
944 2920 1084 2996 nostris,
1107 2921 1167 3002 qui
1183 2928 1301 3003 aperte

351 3024 586 3079 werravernnt
603 3036 664 3098 pro
680 3019 791 3094 nobis,
807 3037 917 3100 usqne
935 3018 979 3082 ad
994 3019 1136 3082 'instans
1153 3019 1303 3096 Pascha,

351 3113 442 3194 quod
457 3115 523 3177 erit
536 3133 627 3178 anno
644 3116 783 3179 Domini
801 3118 982 3181 millesimo
997 3118 1235 3184 ducentesimo
1245 3120 1302 3183 de·

352 3213 440 3276 cimo
457 3214 591 3294 quinto,
613 3221 648 3278 et
666 3217 709 3278 ab
727 3216 845 3280 eodem
865 3216 1002 3281 Pascha
1018 3218 1054 3279 in
1070 3219 1223 3301 quinque
1241 3239 1302 3283 an·

353 3330 415 3374 nos
438 3314 621 3377 continuos
644 3323 680 3378 et
693 3316 834 3396 plenos3
859 3317 965 3380 salvis
985 3325 1100 3381 tamen
1117 3319 1217 3381 nohis
1235 3320 1302 3400 pri·

351 3412 491 3475 sonibus
505 3414 645 3490 nostris,
659 3434 747 3496 quos
761 3435 868 3496 penes
883 3434 947 3479 nos
960 3415 1138 3494 hahemus,
1156 3425 1193 3481 et
1205 3418 1303 3481 saluo

347 3510 558 3593 juramento,
580 3513 672 3594 quod
690 3515 782 3577 villae
807 3515 981 3579 Flandriae
997 3524 1033 3580 et
1051 3515 1180 3580 Henou
1205 3518 1301 3581 nohis

351 3611 519 3686 fecerunt,
541 3619 576 3674 et
591 3612 698 3676 salvis
720 3613 878 3677 similiter
892 3614 914 3677 J
918 3615 1059 3692 ohanni,
1080 3616 1155 3696 regi
1172 3615 1304 3698 Anglo·

352 3729 440 3786 rum,
456 3711 651 3792 prisouihus
667 3732 754 3794 quos
771 3733 876 3794 penes
894 3734 932 3777 se
948 3713 1064 3778 hahet.
1095 3714 1173 3779 Nos
1188 3725 1301 3780 autem

353 3817 388 3872 et
419 3809 573 3874 homines
600 3818 635 3873 et
660 3812 804 3892 imprisii
830 3814 938 3877 nostri
964 3815 1091 3877 erimus
1119 3815 1155 3878 in
1186 3816 1302 3879 eadem

390 4005 537 4070 ¹Johonnes,
550 4009 814 4074 Norwiceruisepisco·
839 4026 915 4060 seven
943 4026 1029 4076 years,
1056 4013 1131 4062 when
1166 4014 1301 4076 Pandulpb

349 4077 417 4139 pua]
434 4078 502 4127 John
511 4078 597 4139 Grey;
614 4079 678 4128 aster
689 4080 728 4128 hia
737 4082 812 4130 death
840 4082 942 4143 Maacu,
963 4082 1005 4131 the
1026 4083 1115 4144 pope’s
1136 4083 1231 4147 legate,
1252 4100 1303 4132 was

350 4147 393 4194 the
409 4161 462 4207 see,
475 4147 536 4197 from
556 4148 597 4197 the
615 4150 730 4198 troubled
748 4156 813 4200 state
839 4152 1011 4201 consecrated.

350 4215 380 4264 oi
392 4216 434 4265 the
451 4224 567 4280 connhy,
583 4220 710 4268 remaiued
723 4225 813 4269 vacant
874 4220 1047 4286 'Phdippus.]
1066 4222 1169 4285 Rymer,
1181 4224 1199 4274 i.
1212 4239 1238 4286 p.
1248 4228 1301 4273 12⁵.
