2970 5016
242 632 297 670 Μ).
309 633 364 671 litu.

404 442 447 505 12
667 455 800 503 nocant
826 456 872 501 nu
896 455 1102 503 wunnovun

406 635 514 698 usque
541 614 584 677 ad
612 614 761 679 tentoria
789 614 1011 696 fugaverunt,
1036 622 1071 677 et
1101 614 1136 676 in
1161 598 1224 677 ¹ore
1250 611 1359 695 gladii

404 734 464 778 eos
503 715 648 779 insecuti
689 722 820 796 septem
856 714 948 777 acies
985 712 1176 776 infidelium
1210 713 1358 795 turpiter

404 813 652 894 confringendo
676 813 944 894 dissipaverunt,
969 810 1209 875 Baldewiuum
1238 811 1357 876 Salaa-

404 912 476 975 dini
512 911 618 974 lilium
651 912 908 987 interfecerunt,
931 909 1184 974 Thacaldinum
1216 910 1358 975 fratrem

405 1010 481 1093 ejus
506 1010 681 1073 lethaliter
702 1009 983 1085 vulneraverunt,
999 1009 1209 1091 quingentos
1232 1018 1359 1094 praeter

404 1129 464 1172 eos
487 1109 663 1173 Salaadini
684 1108 809 1172 milites
829 1116 1058 1190 peremerunt.
1097 1108 1190 1171 Dum
1212 1108 1247 1171 in
1266 1109 1357 1172 huuc

405 1209 541 1271 modum
563 1207 782 1272 laudabiliter
802 1215 1056 1289 pugnaverunt,
1074 1208 1226 1290 quinque
1247 1209 1356 1273 millia

349 1344 355 1353 -
405 1307 551 1370 militum
567 1327 610 1370 ex
627 1308 814 1389 improviso
826 1315 993 1369 exeuntes
1009 1306 1176 1369 insultum
1192 1307 1227 1369 in
1240 1306 1358 1370 Chris-

246 2391 348 2438 umumy

244 2441 299 2479 from
309 2439 388 2478 aranee

243 2500 270 2529 on
278 2490 314 2528 the
320 2489 368 2528 rub

243 2539 285 2587 lect
294 2538 318 2578 ot
324 2538 361 2577 the

245 2590 343 2628 cnutus.

406 1407 518 1468 tiauos
539 1405 690 1469 secerunt
707 1425 715 1483 3
743 1404 950 1468 Salaadinus
968 1425 1062 1481 vero,
1081 1393 1149 1468 hoc
1161 1406 1248 1482 viso,
1266 1407 1356 1470 vires

406 1524 488 1567 suas
511 1505 732 1568 vehementer
759 1505 921 1582 exacuit3
957 1503 1146 1566 Christiani
1169 1513 1284 1567 autem
1309 1525 1355 1568 ex

406 1612 552 1684 utroque
573 1605 682 1666 latere
705 1604 890 1684 angariati,
910 1602 1039 1666 vellent
1063 1603 1195 1667 nollent
1215 1605 1355 1686 pagani,

406 1701 534 1783 passim
554 1721 630 1764 sese
649 1702 684 1764 in
705 1702 862 1765 tentoriis
881 1701 1027 1766 viriliter
1048 1710 1262 1785 receperunt,
1278 1703 1361 1789 Ma-¹

406 1801 515 1882 gister
533 1808 648 1863 tamen
664 1799 800 1883 Templi
817 1811 852 1864 et
872 1801 988 1882 plures
1007 1800 1282 1866 Christianorum
1298 1822 1356 1866 eo·

407 1898 483 1963 dem
500 1899 555 1962 die
575 1901 744 1981 perempti
761 1899 911 1963 suerunt.
1145 1890 1148 1895 ⁴

406 2063 526 2125 Nuntii
547 2083 583 2125 oe
595 2072 692 2147 porto
712 2063 793 2147 copis
812 2064 1011 2127 Francorum
1030 2075 1177 2129 coenant
1195 2066 1242 2130 od
1260 2088 1357 2153 repono

457 2160 665 2238 Richardrom,
693 2162 885 2246 postulantes
905 2172 940 2226 at
959 2155 1240 2249 poreyrinotioooom
1269 2176 1358 2231 torro

456 2270 569 2324 scaete
581 2260 676 2323 simol
689 2261 873 2345 expedirent.

451 2383 581 2447 Eodem
601 2404 718 2448 mense
735 2377 914 2449 ¹Oct0bris
934 2385 1122 2462 Retrodus,
1139 2405 1253 2450 comes
1271 2387 1354 2450 Per-

408 2483 559 2560 ticeusis,
579 2502 623 2546 ex
645 2491 744 2566 parte
766 2485 857 2565 regis
878 2484 1088 2548 Francorum
1111 2486 1259 2550 venitin
1281 2486 1355 2550 An-

407 2582 513 2663 gliam
532 2582 576 2645 ad
597 2603 710 2664 regem
734 2582 958 2659 Richardum,
975 2584 1139 2647 nuntians
1156 2585 1188 2648 ei
1203 2593 1237 2648 et
1255 2587 1356 2650 baro-

407 2681 509 2744 nibus
529 2681 679 2763 Angliae,
701 2682 813 2763 ipsum
837 2689 872 2745 et
894 2701 1053 2763 proceres
1079 2682 1175 2762 regui
1199 2683 1355 2748 Franciae

407 2780 442 2843 in
459 2781 612 2862 generali
627 2789 798 2844 conventu
817 2779 973 2843 Parisius
983 2781 1133 2864 jurasse,
1155 2783 1247 2863 quod
1264 2783 1355 2845 idem

408 2899 470 2942 rex
493 2899 571 2942 cum
596 2880 668 2942 suis
691 2880 875 2943 baronibus
898 2879 1169 2957 immutabiliter,
1191 2881 1268 2945 Deo
1294 2900 1355 2946 vo-

408 2978 512 3055 lente,
529 2978 595 3041 erit
616 2977 707 3058 apud
722 2971 954 3042 ²Vizeliaeum
972 2979 1015 3043 ad
1034 2980 1190 3044 clausum
1206 2979 1356 3056 Pascha,

410 3076 489 3138 inde
516 3076 797 3159 Hierosolymam
821 3077 1057 3160 profecturum
1083 3080 1178 3142 etin
1205 3081 1359 3144 testimo·

410 3176 504 3237 nium
527 3175 631 3258 hujus
656 3178 863 3240 sacramenti
888 3176 977 3239 idem
1001 3196 1063 3239 rex
1086 3177 1180 3241 misit
1203 3179 1357 3242 chartam

410 3293 508 3337 suam
541 3275 613 3356 regi
644 3273 848 3356 Anglorum‚
880 3281 1002 3357 petens
1029 3282 1068 3338 ut
1095 3275 1169 3355 ipse
1200 3277 1358 3340 similiter
1452 3280 1455 3284 ’

410 3392 486 3435 cum
508 3374 581 3436 suis
603 3375 822 3455 magnatibus
844 3374 951 3437 saciat
972 3393 1050 3436 eum
1072 3391 1228 3437 securum
1247 3375 1290 3437 ad
1317 3375 1359 3438 il-

409 3473 480 3535 lum
500 3473 680 3535 terminum
698 3472 740 3536 de
760 3492 824 3536 suo
838 3473 961 3536 itinere
977 3471 1238 3554 prosequend03
1264 3474 1356 3538 unde

411 3588 472 3634 rex
488 3570 638 3652 Angliae,
659 3573 858 3635 convocatis
877 3571 1047 3652 episcopis
1067 3579 1102 3634 et
1122 3572 1220 3652 regni
1240 3593 1356 3655 proce-

411 3670 504 3732 ribus
527 3669 618 3751 apud
638 3670 996 3745 westmonasterium,
1018 3689 1040 3733 a
1060 3670 1190 3733 nuntiis
1215 3671 1358 3752 praedic-

411 3768 456 3832 tis
482 3777 624 3850 accepto
648 3776 865 3833 sacramento
891 3769 982 3850 regis
1013 3768 1237 3846 Francorum,
1266 3771 1357 3852 quod

411 3868 670 3931 immutabiliter
697 3869 763 3932 iter
787 3888 886 3931 suum
914 3868 1105 3951 expediret,
1132 3868 1215 3932 fecit
1238 3870 1358 3953 jurare

412 3966 636 4044 Willclmum,
663 3968 821 4031 comitem
845 3975 879 4031 et
902 3968 1164 4032 mareschallum
1187 3988 1300 4045 suum,
1322 3969 1359 4032 in

447 4141 453 4172 ¹
470 4145 589 4192 Octobris.
603 4145 614 4207 ]
638 4145 797 4205 November;
817 4146 869 4194 Hc·
934 4144 1123 4208 ’vizeliacum
1141 4143 1321 4208 ‘vigiliacum'
1334 4148 1359 4195 in

412 4213 490 4261 corlon
505 4215 556 4261 aad
569 4214 699 4263 Benedici.
898 4214 964 4277 MS,
982 4229 1012 4263 as
1022 4217 1076 4264 also
1087 4216 1178 4265 below.
