2970 5016
454 474 594 524 ruonns
618 476 888 525 nrsrorrinuu.
1103 460 1148 522 95

192 630 228 692 in
243 628 427 693 castellnm
442 638 669 694 commutans.
711 630 843 695 Videns
861 638 977 695 autem
994 639 1147 713 postmo-
1159 645 1215 685 Α-ῡ·
1226 646 1282 684 1191-

191 729 274 791 dum
298 728 554 793 multitudinem
580 748 785 793 concurrere
809 736 1035 806 armatorum,
1059 751 1147 813 qnos

193 826 473 909 archiepiscopus
502 827 764 891 cantuariensis
790 827 997 904 adduxerat,
1025 837 1065 894 ut
1094 829 1147 893 fu-

192 935 290 1006 geret
307 933 453 990 mortem
467 927 532 989 sibi
548 927 755 1009 proximam,
778 927 871 991 intra
887 926 1054 1010 templum
1071 929 1147 1009 glo-

194 1023 295 1088 riosae
311 1024 457 1104 virginis
480 1025 595 1105 ignem
622 1024 770 1107 conjecit
796 1033 833 1090 et
857 1025 970 1089 locum
996 1026 1147 1090 Domino

195 1131 433 1187 consecratum
471 1123 618 1186 flammis
650 1123 922 1188 discurrentibus
958 1143 1022 1206 pro
1047 1132 1148 1206 parte

196 1222 396 1285 combussit.
450 1221 640 1285 Extractus
664 1222 803 1286 tandem
830 1222 873 1284 ab
896 1222 1044 1286 ecclesia
1069 1242 1148 1306 per·

195 1318 320 1384 ductus
351 1327 406 1383 ast
436 1320 480 1384 ad
512 1321 634 1383 turrim
668 1319 944 1384 Londoniensem
977 1321 1148 1385 calculum

196 1426 340 1499 portans
370 1417 600 1494 diffinitivum,
633 1426 681 1494 et,
706 1425 746 1482 ut
776 1419 878 1481 unius
907 1437 1013 1501 poena
1034 1427 1147 1482 metus

196 1517 309 1599 possit
323 1536 400 1581 esso
418 1517 616 1594 multorum,
627 1518 780 1599 proceris
795 1517 951 1580 vestibus
966 1517 1148 1599 spoliatus,

196 1614 355 1678 manibus
386 1634 409 1679 a
438 1623 536 1697 tergo
564 1616 691 1693 vinctis
721 1624 756 1679 et
786 1615 932 1697 pedibus
961 1615 1148 1698 colligatis,

197 1732 363 1795 equorum
382 1714 574 1779 ministerio
601 1734 662 1796 per
685 1713 833 1777 mediam
847 1713 1025 1778 civitatem
1040 1713 1149 1778 trahi·

197 1820 255 1876 tur
271 1812 315 1875 ad
334 1812 451 1876 furcas
473 1832 581 1895 prope
603 1813 845 1890 Tiburcinam;
867 1805 1073 1894 ¹suspensus
1096 1821 1148 1876 est

196 1911 314 1992 itaqua
330 1911 450 1975 ferreis
467 1910 612 1988 catenis,
633 1918 669 1975 et
690 1930 768 1974 cum
785 1931 826 1975 eo
848 1930 972 1974 novem
993 1910 1147 1994 ejusdem

199 2009 395 2075 schismatis
415 2018 607 2086 consortes,
624 2017 676 2087 ut,
692 2029 779 2091 quos
801 2029 865 2092 par
884 2009 1017 2073 facinus
1037 2008 1150 2093 inqui·

199 2117 356 2185 navarat,
385 2108 507 2172 similis
537 2127 641 2190 poena
671 2107 845 2173 multaret.
897 2108 1028 2172 Eodem
1057 2128 1149 2173 anno

198 2205 390 2283 Johannes,
414 2206 710 2288 Rothomagensis
730 2206 893 2284 decanus,
910 2200 1149 2289 'episcopatus

199 2304 453 2386 wigorniensis
475 2324 600 2369 munus
626 2306 893 2370 consecrationis
916 2291 1068 2388 suscepit
1089 2305 1148 2369 de·

199 2404 287 2468 cimo
311 2403 412 2469 tertio
436 2403 604 2468 kalendas
630 2404 850 2469 Novembris.
902 2405 1034 2468 Eodem
1057 2425 1149 2469 anno

199 2522 262 2566 rex
275 2500 470 2585 Anglornm
491 2502 688 2568 Richardus
711 2503 861 2568 firmarit
882 2502 1064 2568 castellum
1087 2524 1150 2567 no·

200 2620 280 2665 vum
309 2602 345 2664 in
375 2595 512 2665 ³insula
539 2601 582 2665 de
611 2600 751 2677 Andeli,
782 2609 904 2666 contra
934 2600 1149 2666 voluntatem

199 2698 359 2776 Walteri‚
376 2699 670 2782 Rothomagensis
698 2699 970 2782 archiepiscopi3
994 2706 1040 2774 et,
1064 2719 1150 2782 quo·

199 2798 291 2861 niam
311 2818 373 2862 rex
398 2817 491 2881 saepe
515 2799 710 2863 admonitus
730 2799 775 2861 ab
799 2798 961 2880 incoeptis
985 2797 1151 2862 desistere

200 2897 323 2973 noluit,
338 2896 616 2980 archiepiscopus
637 2896 804 2979 praelatus
825 2896 1076 2961 Normanniam
1098 2905 1151 2960 to·

200 3003 271 3058 tam
296 2996 361 3058 sub
388 2995 573 3060 interdicto
597 2996 778 3072 conclusit,
798 3004 834 3061 et
855 2997 905 3060 sic
924 2995 1055 3061 curiam
1079 2994 1152 3059 Ro·

202 3113 338 3157 manam
355 3094 475 3159 adivit.

348 3265 397 3332 Do
412 3269 553 3353 captiuos
568 3269 717 3353 Hisponis
732 3268 769 3332 ds
787 3266 1003 3333 datvemonu.

252 3380 401 3452 Eodem⁴
418 3409 556 3472 quoque
577 3409 681 3467 anno,
697 3389 793 3454 sacta
808 3392 1050 3472 congressione
1065 3390 1155 3453 inter
1166 3402 1267 3452 nurus

1166 3455 1286 3492 chaumont

200 3487 349 3551 familias
369 3507 490 3569 regum
514 3488 728 3552 Francorum
752 3496 787 3553 et
802 3486 1009 3569 Anglorum,
1032 3495 1155 3569 captus
1167 3503 1232 3541 uren

202 3594 256 3649 est
270 3586 379 3668 Hugo
394 3588 438 3650 de
458 3586 716 3663 Calvo-monte,
734 3606 808 3668 regi
798 3586 1038 3650 Francorum
1055 3553 1198 3649 valdepr
1200 3562 1250 3590 '¹²⁰¹
1231 3560 1268 3589 Μ

237 3780 393 3846 ¹Ssspmus
409 3790 446 3834 eat
464 3785 573 3849 itaqua]
590 3779 684 3835 ‘Sus-¹
695 3785 810 3834 1111111111
836 3789 863 3833 at
891 3784 960 3832 Ham
984 3785 1076 3844 abbey,
1097 3797 1158 3831 near

200 3868 296 3915 1111111111
307 3859 346 3902 est
357 3854 412 3916 ita,'
431 3856 461 3904 C.
696 3854 817 3914 Loudon;
834 3854 936 3915 Diceto,
947 3854 995 3902 col.
1007 3857 1064 3902 694.

236 3919 417 3985 'Episcopatus
448 3922 670 3986 Wigoraienain]
732 3921 996 3985 'Inrubdedndelid
1024 3921 1159 3979 Hovedem

202 3992 326 4053 probably
350 3991 389 4040 ior
411 3994 564 4054 ‘episcopua
588 3993 671 4041 iactus
696 4007 723 4054 p.
741 3996 798 4041 too.
842 3992 966 4053 Compare
989 3991 1158 4053 Goggeshalo,
1181 3989 1183 3993 ’

202 4057 404 4123 wigorniensis}
411 4063 488 4110 or‘in
497 4064 671 4124 episcopatum
696 4061 745 4110 col.
757 4065 814 4110 840.

203 4125 524 4192 Wigomiensemelectus?
547 4131 672 4180 Thiswas
730 4128 839 4178 ⁴Eodem
855 4144 946 4192 quoque
964 4128 1055 4191 oum]
1073 4129 1159 4178 llove·

200 4199 269 4248 John
277 4199 310 4248 de
323 4200 485 4261 contances3
501 4200 534 4249 he
545 4214 600 4248 was
614 4214 673 4248 con·
696 4198 756 4262 den,
766 4213 793 4260 p.
805 4202 862 4248 768.
