2970 5016
422 460 466 521 90
672 473 805 522 aoosar
830 473 878 520 ns
901 473 1110 522 wauoovsa

263 644 384 683 t·1>·¹¹⁹⁵·
422 631 577 714 ejusdem
593 631 747 696 ecclesias
761 630 964 707 inonachus,
981 629 1113 694 decimo
1132 631 1234 695 tertio
1252 630 1373 694 kalen-

422 732 486 795 das
510 729 662 811 Augusti
686 730 721 792 in
747 730 907 793 abbatem
932 728 1075 806 electus,
1098 731 1158 811 qui
1183 731 1286 795 tertio
1309 729 1374 793 ka·

422 828 543 894 lendas
563 829 717 911 ejusdem
733 846 756 891 a
776 827 964 904 Richardo,
983 827 1217 893 Londoniensi
1239 828 1373 911 episco-

423 948 481 1010 po,
504 947 628 991 munus
650 926 899 992 benedictionis
920 926 1065 1009 accepit.

454 1101 504 1165 Do
519 1093 683 1185 ¹lepotione
695 1096 842 1176 Hederts‘,
858 1099 1094 1165 Oaatuorieasis
1108 1098 1341 1185 archiepiscopi.

261 1232 396 1322 gffiw
476 1222 545 1285 Por
572 1221 662 1286 idem
689 1229 825 1304 tempus
856 1241 949 1304 papa
978 1220 1185 1309 Caelestinus
1213 1223 1373 1285 omnibus

261 1331 366 1371 ‘temt-
426 1321 564 1403 Angliae
581 1320 736 1402 praelatis
753 1320 892 1402 scripsit
907 1321 944 1383 in
960 1320 1035 1384 baec
1053 1321 1178 1398 verba;
1200 1314 1229 1354 ²‘
1243 1319 1373 1384 Caeles·

262 1381 370 1471 ΨΜ
425 1420 518 1484 tinus
548 1419 742 1501 episcopus,
767 1419 1020 1484 venerabilibus
1053 1418 1217 1482 fratribus
1243 1419 1373 1483 Ebora·

424 1518 518 1583 censi
536 1517 794 1600 archiepiscopo
816 1523 852 1581 et
873 1517 1044 1581 universis
1063 1517 1246 1599 episcopis,
1268 1518 1373 1581 abba-

425 1618 528 1694 tibus,
548 1617 720 1699 prioribus
738 1622 774 1679 et
793 1615 871 1679 aliis
892 1615 1115 1680 ecclesiarum
1136 1616 1290 1698 praelatis
1311 1635 1373 1697 per

424 1735 569 1799 regnum
592 1713 730 1796 Angliae
752 1714 962 1792 constitutis,
987 1714 1147 1791 salutem,
1170 1723 1206 1779 et
1232 1722 1373 1778 caetera.

425 1815 513 1879 Cum
541 1814 698 1878 omnibus
718 1812 872 1876 ecclesiis
893 1833 938 1876 ex
960 1813 1143 1877 commisso
1169 1814 1268 1877 nobis
1290 1832 1373 1894 pas-

424 1913 545 1999 toralis
571 1910 812 1997 sollicitudinis
836 1910 947 1975 officio
973 1912 1154 1994 providere
1182 1920 1373 1988 teneamur,

425 2011 621 2093 specialiter
638 2018 754 2073 tamen
771 2009 816 2073 ad
837 2028 990 2090 praesens
1010 2008 1240 2091 Anglicanam
1262 2009 1372 2074 eccle-

425 2110 512 2172 siam
539 2115 693 2189 paternae
716 2106 1002 2172 considerationis
1023 2108 1097 2172 acie
1118 2109 1305 2185 intuentes,
1328 2108 1372 2171 ad

425 2207 572 2270 salutem
591 2205 700 2287 ipsius
720 2205 892 2269 communi
910 2204 1055 2269 fratrum
1077 2215 1273 2271 nostrorum
1291 2226 1375 2270 con-

425 2304 504 2368 silio
536 2304 761 2379 decrevimus,
796 2311 837 2367 ut
869 2304 1075 2368 venerabilis
1110 2303 1217 2369 frater
1254 2314 1374 2369 noster

427 2402 619 2480 Hubertus,
638 2402 897 2466 cantuariensis
921 2402 1211 2486 archiepiscopus,
1232 2403 1276 2467 de
1299 2406 1372 2486 [cu-

420 2501 497 2585 jus]
520 2500 655 2580 meritis,
671 2508 708 2565 et
727 2501 868 2577 virtme,
888 2501 1060 2583 sapientia
1081 2503 1211 2584 pariter
1231 2512 1268 2567 at
1289 2503 1372 2568 doc-

426 2601 529 2677 trina,
551 2599 697 2664 ecclesia
727 2599 931 2664 universalis
953 2601 1161 2682 congaudet,
1181 2601 1373 2667 ministerio

425 2699 610 2781 legationis
643 2704 797 2780 accepto,
827 2697 920 2761 vices
954 2707 1091 2763 nostras
1126 2700 1170 2763 ad
1207 2699 1373 2764 honorem

425 2798 591 2874 ecclesiae,
611 2799 718 2862 totius
741 2797 840 2878 regni
863 2795 1013 2861 salutem
1031 2804 1067 2861 et
1085 2817 1217 2881 pacem,
1234 2817 1297 2880 per
1317 2806 1371 2863 to·

425 2903 498 2959 tum
518 2915 661 2977 regnum
680 2895 833 2975 Angliae,
853 2914 922 2958 uon
940 2897 1100 2961 obstante
1117 2896 1300 2978 privilegio
1316 2898 1371 2961 val

425 2995 628 3076 exceptione
642 2994 706 3058 tibi
723 3001 784 3056 aut
803 2993 958 3056 ecclesias
974 3003 1057 3072 tuse,
1077 2995 1184 3059 frater
1205 2995 1374 3077 archiepi-

425 3111 541 3173 scope,
557 3092 612 3154 vel
630 3090 689 3154 alii
704 3091 809 3167 facto,
829 3090 936 3155 libere
957 3101 1161 3176 exequatur.
1215 3093 1371 3158 Praesen-

426 3189 511 3253 tium
533 3190 640 3270 igitur
671 3189 876 3253 auctoritate
904 3192 1121 3255 universitati
1150 3199 1276 3255 vestrae
1312 3213 1375 3275 per

425 3287 617 3368 apostolica
639 3287 769 3368 scripta
787 3288 1019 3369 praecipiendo
1045 3290 1261 3367 mandamus,
1285 3310 1372 3372 qua·

425 3392 526 3449 tenus
557 3385 666 3449 eidem
701 3393 865 3468 tanquam
898 3388 1099 3467 apostolicae
1130 3388 1222 3452 sedis
1256 3389 1374 3471 legato

425 3485 653 3549 reverentiam
668 3484 874 3567 impendatis
889 3485 1040 3551 debitam
1056 3494 1093 3550 et
1108 3486 1296 3551 bonorem.’

467 3656 749 3741 Admonitiopopae
764 3656 810 3720 od
824 3677 920 3741 rupem
935 3657 1135 3723 Francorum
1141 3680 1206 3744 pro
1220 3658 1331 3744 rapina

685 3776 753 3831 soc,
769 3776 863 3839 qoam
879 3755 1109 3841 rpodiceerot.

262 3883 386 3972 {diff
493 3875 546 3938 Est
582 3884 787 3959 tempflslflte
820 3897 913 3960 papa
951 3879 1159 3944 Caelestinus
1196 3881 1373 3945 Senonen·

262 3981 412 4081 2223th
425 3974 455 4036 si
486 3975 745 4057 archiepiscopo
776 3976 867 4039 inter
900 3985 1027 4041 caetera
1061 3979 1200 4062 scripsit
1230 3981 1266 4042 in
1299 3981 1375 4044 baec

263 4081 353 4122 divom.
426 4091 1373 4110 Q·-

459 4145 612 4210 ¹begotlone
630 4150 759 4214 Habete]
775 4152 824 4200 See
841 4152 882 4201 the
944 4150 1129 4217 ²(belestbms.]
1141 4156 1373 4219 niceto,eol.oso;

423 4224 531 4266 account
541 4219 573 4279 by
585 4218 847 4284 Newburgh,v.§12.
911 4222 1044 4286 lloveden,
1051 4238 1077 4285 p.
1089 4227 1146 4274 ⁷⁵³.
