2970 5016
345 440 411 504 336
604 455 738 504 aonam
762 456 810 503 nn
833 454 1040 503 wanuovna

184 643 307 685 nomn.
347 615 468 677 beneio
496 614 641 676 stallos
674 614 858 678 nobiliores
887 614 981 676 misit
1004 611 1048 675 ad
1077 620 1234 676 castrum
1261 614 1300 677 de

183 694 333 783 maim
347 711 435 776 Con·
451 714 515 775 sub
536 721 633 776 arcta
656 713 815 777 custodia
840 711 1079 794 deputandos3
1107 711 1296 776 Robertum

347 830 429 874 vero
462 812 504 874 de
538 811 702 875 Chaurna
738 820 773 875 et
804 811 1018 875 Richardum
1053 808 1194 873 Giffard
1224 831 1297 874 curn

347 909 483 973 Thoma
505 910 547 972 dc
570 910 750 974 Liucolnia
774 909 864 992 apud
888 915 1040 972 castrum
1057 908 1101 972 de
1126 909 1297 991 Nothing·

347 1007 440 1085 ham,
458 1009 612 1089 aliosque
627 1029 689 1090 per
703 1010 780 1073 loca
796 1009 934 1072 diversa
950 1007 1116 1071 carcerali
1133 1010 1296 1072 custodia

348 1108 594 1190 mancipandos
628 1107 767 1171 direxit.
820 1107 1015 1170 Servientes
1049 1126 1133 1169 vero
1170 1126 1296 1183 omnes,

348 1214 475 1287 praeter
499 1206 708 1281 balistarios,
734 1205 962 1269 servientibus
986 1203 1029 1266 de
1053 1206 1212 1268 exercitu
1235 1226 1294 1268 suo

348 1305 392 1367 ad
415 1304 647 1367 redimendum
673 1305 862 1379 concessit3
889 1302 1057 1384 quosdam
1079 1322 1219 1386 quoquo
1241 1306 1294 1367 ba-

348 1403 510 1479 listarios,
528 1404 586 1485 qui
606 1403 733 1466 multos
755 1404 791 1465 iu
813 1401 992 1468 obsidione
1015 1401 1145 1465 milites
1170 1410 1206 1466 et
1229 1422 1293 1465 ser-

348 1502 481 1565 vientes
506 1502 760 1578 interfecerant,
790 1499 947 1583 patibulo
976 1501 1144 1582 suspendi
1169 1520 1292 1582 praece·

348 1600 410 1681 pit.
458 1599 527 1663 His
547 1601 596 1663 ita
617 1601 737 1681 gestis,
755 1620 836 1683 pars
858 1601 1025 1664 baronum
1048 1618 1120 1663 nou
1141 1608 1216 1664 erat
1232 1620 1294 1662 me·

348 1698 510 1762 diocriter
526 1698 711 1764 infirmata.

404 1873 453 1935 De
467 1873 772 1937 eemmurnnioatione
783 1871 932 1936 baronum
947 1870 1072 1955 Amplior
1086 1873 1123 1934 ia
1135 1894 1240 1957 praere

765 1972 873 2056 facto.

267 2107 316 2136 ¹⁰¹¹·
426 2093 556 2158 Eodem
592 2104 745 2177 temporo
785 2112 877 2176 papa
914 2093 1143 2157 Innocentius
1179 2093 1293 2157 videus

349 2191 516 2254 baronum
542 2193 682 2273 Angliae
712 2192 944 2269 rebellionem,
970 2192 1062 2275 quod
1090 2192 1294 2256 videliceta

350 2291 588 2371 persecutione
614 2292 705 2372 regis
728 2292 896 2355 desistere
917 2298 1215 2373 contempserunt,
1237 2311 1294 2354 ex·

332 2389 615 2454 communicavit
638 2391 788 2468 eosdem,
812 2400 917 2472 atque
942 2390 1125 2453 sententiae
1156 2410 1294 2454 exsecu-

350 2488 478 2551 tionem
498 2490 661 2573 episcopo
674 2489 921 2566 Wintouiensi,
939 2489 1057 2553 abbati
1080 2489 1125 2551 de
1142 2489 1294 2569 Redinge

350 2593 386 2649 et
402 2587 620 2671 Pandulpho,
638 2590 791 2652 ecclesiae
807 2588 976 2651 Romanae
992 2587 1219 2665 subdiacono,
1235 2589 1295 2650 sub

350 2684 414 2748 hac
432 2687 542 2750 sorma
558 2687 743 2762 commisit;
768 2681 793 2721 ¹‘
810 2686 1033 2750 Innocentius
1050 2687 1248 2770 episcopuS,
1263 2695 1295 2749 et

350 2792 488 2861 caetera,
512 2786 553 2851 P.
572 2786 806 2849 Wintoniensi
828 2787 1001 2867 episcopo,
1025 2785 1146 2847 abbati
1165 2786 1207 2849 de
1228 2785 1294 2848 Re·

348 2883 452 2963 dinge
473 2892 508 2947 et
528 2885 694 2964 magistro
711 2883 929 2966 Pandulpbo,
953 2884 1107 2947 ecclesiae
1128 2884 1293 2948 Romanae

349 2981 571 3057 subdiacono,
597 2982 744 3045 salutem
773 2992 808 3045 et
828 2983 1053 3064 apostolicam
1085 2983 1293 3047 benedictio-

350 3098 436 3140 nem.
490 3080 660 3142 Miramnr
693 3081 878 3161 plurimum
906 3089 940 3145 et
971 3100 1162 3159 movemur,
1194 3082 1293 3164 quod,

349 3196 426 3238 cum
456 3178 653 3241 carissimus
677 3179 712 3240 in
739 3179 878 3243 Christo
904 3180 996 3243 iilius
1024 3189 1145 3243 noster
1165 3180 1294 3244 Jobau·

349 3295 423 3351 nes,
442 3276 586 3341 illustris
606 3297 669 3340 rex
686 3277 838 3361 Angliae,
858 3297 964 3359 supra
980 3297 1076 3360 spem
1093 3278 1246 3343 Domino
1261 3288 1292 3342 et

348 3375 502 3439 ecclcsiae
537 3376 754 3454 satisfecerit,
787 3385 823 3439 et
843 3378 1034 3458 presertim
1055 3376 1156 3441 fratri
1180 3388 1292 3442 nostro

350 3474 591 3539 Cautnariensi
633 3475 891 3558 archiepiscopo
932 3482 968 3538 et
1000 3477 1174 3559 episcopis
1210 3477 1292 3560 ejus,

348 3574 489 3653 quidam
505 3594 635 3650 eorum,
656 3575 768 3636 minus
786 3593 890 3656 quam
911 3576 1103 3657 oportuerit
1120 3584 1156 3639 et
1174 3577 1292 3640 decue·

348 3672 406 3748 rit,
423 3671 466 3735 ad
492 3681 622 3736 sanctae
641 3674 752 3736 crucis
776 3675 965 3755 negotium,
982 3674 1184 3756 apostolicae
1207 3675 1292 3739 sedis

349 3771 550 3835 mandatum
588 3781 622 3836 et
645 3771 822 3836 fidelitatis
854 3774 1020 3855 praestitae
1045 3773 1291 3854 juramentum,

347 3868 512 3947 debitum,
544 3872 613 3933 imo
645 3870 790 3947 nullum,
823 3870 990 3935 babentes
1024 3880 1232 3954 respectum,
1264 3872 1291 3935 ei

293 4011 298 4019 .
346 3976 469 4031 contra
497 3970 753 4052 perturbatores
782 3971 892 4051 regni,
916 3970 1007 4052 quod
1031 3970 1074 4032 ad
1101 3971 1291 4035 Romanam

346 4067 525 4131 ecclesiam
559 4069 692 4131 ratione
716 4069 858 4132 dominii
892 4069 1062 4151 pertinere
1091 4071 1290 4144 dinoscitur,

590 4242 598 4274 ¹
611 4240 787 4315 tamenim]
805 4247 910 4308 Rumor,
921 4246 939 4295 i.
952 4261 979 4306 p.
990 4249 1046 4294 1³8.
