2970 5016
339 441 406 508 286
600 454 732 503 nocant
758 455 805 502 nr
828 453 1035 503 wannovna

179 630 235 670 nn.
245 631 305 673 1²1⁴.
342 613 512 677 haeredem
541 613 678 677 comitis
705 611 851 677 Roberti
876 611 920 675 de
939 611 1048 675 Drnis
1075 619 1112 674 et
1131 608 1290 673 avunculi

345 713 557 776 Francorum
577 713 669 796 regis
685 712 833 777 vinculis
854 712 1079 776 constrictum
1105 728 1224 772 secum
1242 728 1291 772 re-

342 813 440 876 diens
471 811 630 877 abduxit.
679 811 816 876 Deinde
843 810 934 875 idem
959 829 1023 874 rex
1048 808 1093 874 ad
1122 802 1291 891 'Rupem

343 912 503 976 monachi
524 931 601 976 cum
624 913 782 976 exercitu
803 931 867 975 sno
883 931 921 974 se
942 909 1121 974 conferens
1142 916 1291 972 castrum

343 1011 521 1076 obsidione
537 1011 704 1088 vallavit3
731 1010 824 1093 quod
848 1009 992 1074 audiam
1007 1008 1226 1084 Lodowicns,
1244 1027 1292 1070 re-

343 1113 399 1192 gis
414 1109 625 1176 Francorum
647 1110 752 1187 lilius,
773 1109 818 1174 ad
838 1110 904 1173 hoc
924 1129 947 1172 a
970 1114 1069 1191 patre
1092 1109 1233 1184 missus,
1256 1114 1291 1169 ut

343 1212 435 1291 regis
451 1211 473 1274 J
477 1210 624 1275 ohannis
639 1209 840 1273 refraenaret
851 1210 1023 1284 incursus,
1038 1227 1116 1270 cnm
1139 1206 1292 1270 exercitu

343 1328 413 1373 non
427 1309 561 1375 modico
576 1309 659 1373 illuc
674 1310 886 1392 properavit,
905 1315 945 1372 nt
959 1307 1159 1372 subveniret
1180 1308 1294 1371 obses·

343 1410 404 1472 sis.
456 1409 614 1492 Cumque
642 1409 827 1473 adventum
861 1408 971 1490 ipsius
1002 1426 1065 1471 rex
1102 1405 1291 1489 Anglornm

343 1510 578 1589 cognovisset,
601 1507 697 1573 misit
715 1508 954 1590 exploratores
976 1507 1021 1570 ab
1042 1505 1201 1570 exercitu
1220 1524 1292 1582 suo,

344 1609 405 1688 qni
427 1627 608 1672 numerum
636 1615 672 1671 et
690 1608 781 1671 vires
807 1606 957 1671 hostium
979 1606 1292 1688 supervenientium

345 1708 520 1788 sagaciter
543 1707 777 1784 aestimarent;
808 1706 920 1769 nuntii
945 1725 1039 1782 vero,
1056 1704 1215 1790 injuncto
1230 1704 1294 1785 sihi

345 1805 457 1870 officio
472 1805 630 1870 celeriter
650 1814 804 1889 peracto,
827 1811 1039 1870 revertentes
1060 1804 1224 1869 dixerunt
1245 1822 1293 1868 re

345 1925 424 1985 gem
442 1904 635 1989 Anglorum
652 1906 763 1969 multo
783 1904 948 1988 majorem
970 1903 1097 1968 hahere
1114 1923 1292 1968 nnmerum

346 2004 564 2082 bellatorum,
589 2005 681 2068 unde
706 2006 780 2087 regi
805 2011 1005 2068 constanter
1035 2011 1291 2086 persuaserunt,

345 2109 386 2165 ut
407 2110 600 2185 campestre
622 2105 780 2186 praelium
803 2123 881 2168 cum
905 2103 1062 2168 hostibus
1088 2109 1294 2178 consereret,

345 2200 510 2282 quiahoc
532 2201 665 2266 faciens
685 2202 929 2285 proculdubio
951 2203 996 2267 ab
1019 2202 1178 2267 hostibus
1196 2211 1294 2284 opta·

345 2307 419 2362 tum
434 2307 629 2383 reportaret
643 2303 866 2386 triumphum.
898 2301 1082 2366 Animatus
1100 2310 1218 2366 autem
1235 2321 1293 2366 rex

345 2398 447 2463 dictis
469 2400 668 2464 nuntiorum
691 2421 832 2466 suorum
850 2402 959 2486 jussit
980 2401 1188 2483 quantocius
1206 2401 1293 2464 mili·

345 2505 399 2562 tes
424 2498 468 2563 ad
496 2519 594 2564 arma
617 2502 814 2577 convolare,
838 2510 877 2565 ut
895 2508 1091 2565 occurreret
1110 2500 1295 2565 lodowico

344 2607 537 2682 campestre
574 2599 731 2682 praelium
771 2601 1025 2679 commissurus,
1057 2600 1118 2665 sed
1149 2601 1295 2664 barones

347 2696 515 2762 Pictaviae
532 2718 649 2779 regem
673 2699 771 2782 sequi
796 2707 1055 2764 contemnentes
1078 2700 1243 2763 dixerunt
1259 2719 1295 2762 se

346 2797 390 2859 ad
406 2804 599 2879 campestre
622 2798 778 2881 praelium
800 2818 870 2862 non
892 2818 969 2862 esse
988 2806 1143 2881 paratos.
1196 2798 1294 2863 Tunc

345 2915 408 2959 rex
437 2897 575 2960 solitam
601 2898 829 2979 proditionem
861 2896 1133 2963 Pictaviensinm
1166 2897 1294 2962 habens

344 2993 446 3056 nimis
469 3003 679 3078 suspectam,
700 3017 779 3060 cum
800 2998 917 3080 captio
941 2999 1046 3062 castri
1065 2997 1160 3061 illins
1186 2997 1295 3060 immi-

344 3100 453 3169 neret,
481 3095 633 3159 maximo
663 3115 811 3160 moerore
839 3096 1016 3162 confectus
1031 3098 1087 3161 ab
1117 3096 1294 3160 obsidione

343 3192 496 3256 recessit.
549 3193 754 3259 Lodowicns
774 3195 905 3279 itaque,
922 3215 1000 3261 cum
1021 3196 1155 3261 audivit
1179 3216 1293 3278 regem

343 3290 538 3373 Anglorum
553 3303 671 3359 castra
687 3314 835 3375 movere,
848 3289 991 3360 ²timens
1004 3316 1048 3359 ne
1065 3297 1179 3379 ipsum
1196 3298 1293 3360 inva-

378 3488 636 3554 mapa-mosacha]
660 3494 805 3545 Roehean·
830 3494 909 3546 ‘belli
919 3495 1071 3544 utensilibus
1079 3494 1194 3544 dimissis
1201 3497 1295 3556 etpre-

343 3557 440 3623 Moine,
461 3576 495 3610 on
516 3562 559 3611 the
582 3565 667 3627 Loire,
690 3567 805 3616 between
831 3567 872 3614 da>
889 3566 1021 3628 expositis,
1040 3579 1086 3625 per
1108 3565 1176 3613 vada
1198 3565 1295 3626 Ligeris

343 3631 443 3680 Nautes
454 3631 504 3680 and
516 3632 635 3694 Angiers.
831 3635 933 3696 navigio
951 3638 977 3685 et
995 3633 1077 3683 modis
1099 3635 1194 3695 quibus
1216 3634 1296 3695 potnit

829 3705 942 3767 lugiens,
952 3709 1023 3766 parte
1033 3717 1135 3752 suornm
1142 3718 1192 3752 non
1199 3703 1296 3752 modica

378 3765 494 3818 'Timent
509 3784 539 3818 ne
559 3770 638 3834 ipsum
657 3769 805 3843 incederet]
831 3775 962 3824 submersa
980 3779 1007 3823 et
1022 3773 1083 3822 dnm
1101 3773 1203 3835 fugeret
1222 3775 1294 3822 inter

344 3836 417 3886 Brito
433 3839 503 3900 gives
523 3855 539 3888 a
557 3856 618 3902 very
632 3841 749 3892 different
765 3859 807 3894 ac·
831 3844 907 3906 lecta,
918 3843 1042 3907 equitavit
1052 3842 1094 3891 die
1104 3843 1150 3892 illa
1157 3841 1293 3892 octodecim

344 3912 421 3956 count
431 3908 461 3956 of
473 3909 524 3958 this
539 3912 683 3973 campaign,
697 3913 808 3976 nnmely,
832 3914 966 3975 milliaria;
989 3927 1036 3963 nec
1055 3917 1145 3974 metes
1161 3926 1241 3962 ausus
1258 3917 1294 3961 est

343 3976 399 4026 that
410 3978 489 4027 Ionis
505 3994 560 4027 was
576 3982 684 4031 anxious
699 3987 726 4031 to
742 3989 808 4033 meet
832 3985 953 4034 accedere
970 3984 1003 4033 nd
1021 3984 1115 4044 locum,
1130 3998 1183 4045 quo
1199 3981 1295 4031 audiret

344 4046 479 4107 John,and
490 4048 536 4097 leit
545 4048 643 4100 Chiron
654 4053 732 4101 castle
743 4054 807 4102 with
831 4055 916 4115 ipsum
934 4054 1091 4103 Lndovicum
1109 4067 1166 4102 esse
1183 4052 1223 4101 vel
1234 4065 1291 4098 ven·

322 4137 325 4142 ¹
344 4116 398 4165 that
424 4119 560 4179 intention;
586 4119 632 4168 bnt
652 4121 707 4172 that
729 4122 808 4184 John,
831 4129 916 4173 turum
927 4124 1009 4184 esse3'
1025 4120 1140 4173 iteades
1152 4122 1223 4173 Hist.
1234 4121 1293 4170 xvii.

338 4185 418 4234 ‘when
429 4187 461 4237 he
476 4188 554 4250 heard
571 4189 600 4239 oi
613 4190 653 4240 his
669 4194 807 4257 approach,
831 4209 858 4255 p.
870 4198 912 4245 98.
