2970 5016
457 475 595 523 vacans
619 476 888 525 ursronrsnuu.
1100 458 1144 521 69

194 647 338 712 rumque
371 629 509 691 iterum
529 629 838 710 apprehendentes,
870 627 1039 692 dirissime
1071 637 1141 693 tor·
1156 646 1278 686 soora.

194 734 312 810 quent,
333 727 438 789 variis
461 726 670 790 cruciatibus
696 726 859 803 afficiunt,
881 727 1026 790 vulnera
1050 727 1141 791 infli-

195 833 294 936 gunt,
323 824 476 905 linguam
509 825 721 887 abstractam
752 831 931 905 amputare
956 824 1141 903 minantur,

195 923 259 984 nisi
276 923 482 986 confiteatur
499 921 705 1004 quantocius
724 923 916 987 veritatem.
969 922 1063 984 Puer
1080 942 1142 986 au-

196 1027 263 1083 tem
289 1020 497 1103 intolerabili
526 1020 683 1083 cruciatu
710 1020 907 1112 compulsus
933 1020 1073 1103 eisdem,
1101 1030 1141 1084 ut

194 1136 248 1179 res
274 1136 312 1181 se
337 1096 470 1194 babuit,
493 1116 676 1181 intimavit.
729 1104 778 1182 A't
799 1116 849 1180 illi
875 1117 1038 1181 continuo
1065 1117 1140 1181 baec

195 1215 308 1278 omnia
333 1215 412 1278 duci
438 1215 638 1278 intimantes
664 1214 851 1296 hospitium
878 1215 969 1295 regis
995 1216 1138 1278 circum·

195 1312 338 1388 vallant,
353 1318 400 1389 et,
417 1319 458 1375 ιιι
467 1319 594 1396 sponte
610 1330 648 1374 se
665 1312 800 1388 reddat,
816 1313 941 1375 acriter
955 1313 1136 1391 insistunt;

194 1429 255 1472 rex
284 1411 400 1472 autem'
425 1408 470 1473 ad
496 1409 778 1473 tumultuantium
801 1408 992 1472 barbariem
1014 1428 1138 1475 vocum

192 1507 441 1587 imperterritus
458 1525 612 1583 manens,
630 1525 728 1569 suam
744 1506 950 1588 probitatem
967 1510 1035 1569 non
1052 1510 1138 1588 prae-

192 1605 307 1668 valere
324 1606 445 1669 contra
462 1606 516 1667 to't
531 1604 697 1667 barbaros
718 1605 882 1680 sentiens,
894 1604 1002 1686 jussit
1017 1603 1138 1668 adesse

193 1700 326 1779 ducem,
344 1703 411 1785 ipsi
435 1700 501 1765 soli
524 1721 562 1765 se
581 1700 793 1765 redditurum
813 1703 1037 1783 promittens3
1058 1701 1138 1764 duci

193 1799 307 1862 autem
337 1799 430 1863 illico
463 1797 665 1863 adventanti
700 1819 763 1862 rex
792 1800 929 1863 obviam
956 1800 1137 1881 processit,

192 1891 310 1978 seque¹
335 1897 367 1960 ei
387 1915 466 1959 curn
489 1896 605 1976 gladio
630 1895 783 1960 tradidit.
834 1897 920 1960 Dux
944 1903 1059 1959 autem
1086 1896 1137 1959 hi'-

191 1993 274 2057 laris
301 1993 442 2058 effectus
475 2012 589 2075 regem
619 2012 735 2057 secum
763 1994 949 2057 honorifice
978 1994 1136 2070 adduxit,

192 2092 293 2173 quem'
330 2092 452 2155 deinde
487 2092 637 2155 strenuis
672 2089 837 2154 militibus
875 2091 1136 2155 custodiendum

192 2188 344 2266 tradidit,
370 2189 430 2270 qui
454 2188 510 2252 dio
537 2195 710 2269 noctuque
738 2189 867 2252 strictis
897 2190 1035 2252 ensibus
1057 2208 1136 2252 eum

191 2287 318 2368 ubique
345 2286 535 2349 arctissime
565 2285 787 2350 custodirent.
848 2281 970 2363 'Quod
994 2287 1136 2349 misera·

190 2385 260 2448 bile
272 2383 495 2447 infortunium
513 2402 581 2446 non
598 2384 728 2463 absque
739 2383 985 2465 omnipotentis
995 2382 1136 2447 Domini

187 2482 332 2565 judicio,
348 2481 429 2544 licet
445 2481 545 2544 nobis
561 2479 710 2556 occulto,
727 2482 883 2545 evenisse
901 2481 1136 2545 arbitrandum

192 2587 268 2660 est;
290 2580 365 2643 sive
386 2598 449 2661 pro
471 2578 581 2659 ipsius
604 2578 696 2658 regis
716 2578 856 2642 lubricae
878 2580 993 2643 aetatis
1015 2579 1137 2641 erratis

192 2674 416 2759 castigandis,
440 2676 513 2739 sive
537 2695 602 2757 pro
626 2673 839 2739 subditorum
861 2694 1001 2738 suorum
1027 2670 1137 2757 culpis

192 2775 365 2851 feriendis,
382 2773 439 2838 vel
459 2774 563 2836 etiam
582 2780 623 2837 ut
643 2772 733 2835 idem
754 2768 816 2834 rex
836 2772 880 2834 ad
900 2772 1138 2854 poenitentiam

193 2880 228 2937 et
240 2872 510 2936 satisfactionem
525 2889 714 2952 congruam
725 2876 945 2934 revocaretur
961 2888 1065 2950 super
1073 2865 1138 2932 'ex-

192 2980 305 3047 cessu,
325 2989 394 3053 quo
412 2975 545 3049 patrem
568 2987 669 3031 suum
685 2967 857 3031 carnalem
876 2966 1065 3030 Henricum
1086 2984 1139 3028 re·-

194 3060 271 3150 gem
290 3068 381 3132 lecto
401 3066 671 3143 decumbentem,
690 3072 761 3130 tam
779 3064 910 3129 auxilio
930 3068 1034 3146 quam
1055 3083 1138 3127 con·

194 3166 271 3228 silio
295 3165 386 3245 regis
406 3163 631 3240 Francorum,
655 3165 746 3246 apud
770 3164 888 3226 urbem
908 3159 1139 3226 cenomanni·

194 3255 268 3327 cam
297 3257 477 3326 obsidione
500 3260 671 3340 vallavit3
703 3270 739 3325 et
765 3260 847 3324 licet
871 3279 947 3323 eum
977 3276 1139 3341 corpora·

193 3359 273 3424 liter
296 3360 384 3423 ferro
413 3379 483 3422 non
511 3365 735 3434 mactaverat,
762 3365 877 3420 tamen
903 3357 1031 3420 crebris
1061 3375 1139 3419 eum

195 3456 382 3520 assultibus
403 3455 482 3519 inde
501 3454 659 3518 recedere
674 3454 800 3535 coegit,
823 3473 901 3535 quae
917 3453 1032 3518 omnia
1049 3472 1139 3515 mor-

196 3555 240 3618 tis
262 3554 337 3636 ejus
359 3571 499 3615 causam
519 3552 704 3632 ingessisse
725 3570 794 3614 non
815 3558 869 3614 est
887 3548 1137 3629 ambigendum.

195 3650 324 3714 Eodem
354 3669 446 3713 anno
475 3648 672 3725 Savaricus,
701 3645 1063 3729 Nortbamptoniensis
1087 3664 1139 3707 ar-

193 3746 426 3822 chidiaconus,
453 3746 583 3810 electus
610 3746 722 3808 estin
750 3745 959 3826 episcopum*
973 3741 1140 3805 Bathoni·

799 3872 877 3880 —auu
898 3871 1137 3880 -....—--——-—

244 3947 343 4013 ’Μαι
360 3950 384 3998 el
401 3966 455 4000 cam
475 3949 559 4012 gladio
579 3948 655 3996 tradi·
679 3949 706 3996 in
723 3947 765 3995 the
782 3959 852 3995 same
868 3944 969 4004 author,
984 3958 1010 4004 p.
1029 3947 1086 3993 ⁷21.

193 4020 254 4082 dit]
272 4020 396 4081 Compare
414 4020 547 4078 Hoveden,
562 4032 588 4078 p.
599 4020 658 4075 717,

195 4089 244 4137 and
267 4088 310 4136 the
337 4088 411 4135 letter
432 4087 461 4135 ol
480 4087 522 4133 the
544 4098 658 4145 emperor
717 4076 807 4132 'Quod
817 4074 1141 4138 miserabileiasortuaiumJ

196 4171 262 4217 upon
284 4156 327 4204 the
355 4159 459 4214 capture
487 4152 515 4200 oi
540 4151 661 4210 Richard,
684 4145 852 4207 Coggeabale,
862 4144 911 4194 col.
922 4146 978 4194 877
