2970 5016
451 461 591 510 renuas
617 460 888 509 ursroumnuu.
1095 447 1139 508 73

192 617 330 682 tandem
355 616 399 680 ad
425 615 491 679 boc
513 622 567 679 est
591 622 809 698 perventum,
831 621 870 678 ut
896 634 960 696 pro
985 615 1276 698 redemptione.

192 718 285 779 tione
305 715 381 798 ejus
407 714 606 796 imperatori
632 714 798 777 darentur
825 706 979 776 ¹centum
1001 720 1036 776 et
1056 733 1141 796 qua-

191 814 353 894 draginta
376 812 486 875 millia
514 830 639 875 marcae
663 811 799 892 argenti
823 810 868 872 ad
888 811 1022 892 pondus
1040 809 1141 875 Colo

192 912 375 987 niensium,
388 917 575 990 antequam
598 908 764 972 intereos
780 909 990 972 conveniret.
1044 909 1139 973 Prae·

194 1011 315 1073 stitum
347 1014 402 1071 est
426 1008 470 1070 ab
495 1006 680 1088 episcopis,
706 1006 849 1069 ducibus
876 1024 917 1069 ac
941 1007 1141 1084 baronibus,

190 1107 427 1190 juramentum
450 1104 505 1168 die
529 1103 765 1186 apostolorum
787 1103 883 1166 Petri
905 1112 940 1167 et
958 1104 1072 1182 Pauli,
1090 1112 1142 1183 ut,

194 1223 297 1285 quam
324 1204 427 1267 citius
454 1201 740 1284 praenominatam
766 1203 947 1283 pecuniam
976 1222 1039 1266 rex
1064 1223 1143 1285 per-

195 1301 382 1377 solvisset,
399 1301 565 1364 continuo
592 1298 678 1362 liber
702 1299 879 1381 proprium
907 1300 1145 1381 regrederetur

196 1399 239 1463 ad
263 1417 419 1480 regnum.
469 1392 631 1473 'Perlata
654 1404 769 1459 autem
793 1397 831 1458 in
853 1396 1016 1477 Angliam
1041 1398 1144 1481 hujus

197 1496 390 1560 concordiae
419 1496 592 1559 sententia
618 1513 639 1556 a
664 1494 756 1575 regis
777 1493 984 1558 cancellario
1010 1495 1146 1559 Willel-

197 1613 266 1670 mo,
283 1592 414 1667 Eliensi
431 1594 607 1675 episeopo,
630 1592 690 1674 qui
713 1591 831 1654 literas
850 1591 979 1656 domini
998 1594 1090 1674 regis
1109 1601 1146 1657 et

197 1691 326 1754 bullam
352 1710 493 1754 auream
521 1690 738 1772 imperatoris
765 1708 880 1754 secum
905 1689 1041 1768 detulit,
1062 1709 1146 1754 con·

199 1789 295 1853 tinuo
322 1790 409 1853 exiit
430 1788 580 1853 edictum
612 1806 634 1850 a
655 1787 859 1870 justiciariis
882 1788 984 1869 regis,
1008 1797 1048 1852 ut
1072 1808 1146 1852 om·

198 1906 259 1950 nes
275 1887 441 1970 episcopi,
457 1886 584 1962 elerici,
607 1885 750 1948 comites
770 1892 805 1948 et
821 1886 981 1963 barones,
998 1887 1146 1950 abbatiae

200 1983 274 2048 sive
296 1985 484 2066 prioratus,
507 1990 665 2064 quartam
688 1989 823 2064 partem
847 1983 1043 2047 reddituum
1066 2003 1162 2048 suo·-

200 2101 276 2145 rum
306 2082 349 2144 ad
373 2080 641 2162 redemptionem
668 2081 760 2159 regis
792 2080 1006 2162 conferrent;
1036 2089 1071 2146 et
1095 2083 1148 2145 in·

202 2198 318 2262 super,
341 2179 385 2244 ad
412 2178 497 2241 illud
523 2177 663 2259 pietatis
688 2197 788 2259 opus,
811 2179 936 2243 calices
965 2199 1088 2244 aureos
1113 2187 1149 2243 et

202 2284 385 2358 argenteos
414 2275 642 2338 sustulerunt.
693 2274 873 2338 lohannes
893 2296 988 2354 vero,
1009 2277 1147 2341 Norwi·

203 2375 315 2438 censis
331 2374 525 2456 episcopus,
541 2392 601 2455 per
615 2379 725 2436 totam
745 2373 908 2437 diocesim
930 2394 1029 2439 suam
1048 2376 1149 2438 dimi-

201 2471 295 2538 dium
314 2472 416 2554 pretii
433 2471 476 2534 de
497 2471 662 2534 calicibus
686 2472 845 2553 sumpsit,
863 2479 899 2536 et
915 2472 1092 2536 dimidium
1107 2473 1151 2536 de

205 2571 307 2634 rebus
329 2569 457 2633 habitis
477 2569 552 2650 regi
577 2568 731 2633 donavit.
783 2569 878 2633 Ordo
898 2569 1150 2647 eistercionsis,

204 2669 264 2749 qui
281 2668 449 2732 hactenus
469 2666 556 2730 liber
575 2667 620 2730 ab
642 2667 735 2729 omni
757 2667 940 2730 exactione
955 2667 1150 2744 exstiterat,

204 2766 319 2828 lanam
341 2784 440 2828 suam
466 2765 661 2828 nniversam
686 2762 730 2826 ad
755 2764 846 2844 regis
866 2758 1150 2846 ³redemptionem

207 2863 310 2926 dedit.
363 2862 474 2926 Nulla
490 2862 637 2944 denique
659 2860 816 2938 ecclesia,
834 2861 949 2924 nullus
963 2862 1060 2938 ordo,
1075 2862 1151 2926 nul-

206 2960 261 3022 lus
282 2959 410 3040 gradus
432 2959 614 3024 velserus
637 2965 691 3023 est
712 2959 976 3040 praetermissus,
999 2961 1057 3042 qui
1082 2980 1151 3024 non

207 3065 388 3139 cogeretur
409 3056 453 3120 ed
471 3056 708 3120 liberationem
729 3058 832 3137 regis.
875 3051 1015 3140 4Hujus
1035 3067 1151 3122 autem

206 3156 414 3219 calamitatis
431 3154 603 3236 praesagia
619 3154 826 3219 exstiterant
840 3155 990 3220 insolitae
1002 3164 1151 3239 tempes-
1168 3193 1171 3197 ·

209 3260 310 3328 tates,
338 3271 506 3334 aquarum
530 3252 783 3329 inundationes,
808 3254 961 3317 tonitrua
982 3254 1152 3319 horrenda

207 3357 243 3413 et
273 3350 445 3435 hyemalia
477 3356 529 3412 ter
550 3349 607 3413 vel
635 3358 759 3432 quater
783 3351 819 3413 in
846 3352 999 3433 quolibet
1022 3372 1151 3429 mense,

207 3467 284 3511 cnm
302 3447 599 3513 coruscationibus
626 3449 835 3512 terribilibus
857 3468 919 3530 per
937 3456 1048 3511 totum
1071 3451 1153 3512 anni

241 3643 390 3695 ¹Centamrl
401 3644 669 3707 quadragesimalia]
730 3642 940 3706 ’Redemmimm
956 3643 1045 3706 dedit]
1061 3644 1155 3695 ‘Tanto

206 3712 330 3763 ‘Centum
353 3714 537 3775 quinquaginta
563 3713 643 3761 millia
652 3709 670 3773 ;'
695 3714 777 3774 magis
793 3716 853 3761 tuuc
870 3714 964 3761 onerati
982 3717 1155 3773 aunt,quauto

209 3782 376 3844 Coggeshale.
411 3781 562 3843 ‘speaking
579 3781 608 3829 oi
627 3782 671 3829 Ri·
696 3782 780 3830 minus
797 3786 871 3830 antea
889 3781 986 3842 publici
999 3782 1082 3830 oneris
1099 3796 1156 3830 sen·

207 3848 308 3899 chard's
332 3863 441 3912 mecm,
457 3850 526 3898 Otho
542 3852 572 3899 ol
585 3850 671 3899 Blaise
696 3849 802 3912 seraut3'
819 3850 943 3910 Neubrig.
954 3864 981 3911 p.
992 3853 1050 3899 trs.

209 3933 277 3980 says,
304 3919 337 3967 he
359 3923 428 3967 must
452 3925 496 3967 not
519 3923 623 3968 venture
646 3924 672 3967 to

207 3989 317 4036 mention
327 3986 445 4048 thesram,
456 3986 503 4048 sor,
515 3986 537 4034 ii
540 3986 633 4048 hadid,
639 3987 671 4036 he
732 3984 833 4048 ‘Huius
843 3991 923 4035 nutem
933 3985 1079 4034 summitatis
1093 4001 1157 4048 proe·

207 4056 298 4105 should
306 4059 349 4105 not
357 4060 481 4117 expectto
490 4057 522 4104 be
533 4056 646 4106 believed
655 4052 670 4116 ;’
696 4050 789 4122 rugia]
808 4054 956 4115 Newburgh
967 4053 1014 4102 has
1025 4067 1041 4101 a
1052 4055 1157 4116 chapter

208 4125 289 4186 Mille,
304 4125 332 4174 ii.
345 4140 371 4186 p.
383 4128 425 4185 78,
436 4129 498 4172 note.
697 4139 765 4185 upon
776 4124 817 4171 the
829 4123 994 4184 phaenomena
1004 4122 1033 4172 ol
1046 4124 1096 4173 this
1111 4139 1157 4186 pe.

242 4190 382 4254 ²Perlntn.]
394 4191 671 4254 Coggeshale,col.sstll.
696 4193 767 4252 ried,
786 4193 821 4242 iv.
831 4193 846 4254 ς
858 4196 897 4241 89.
