2970 5016
373 452 513 501 anonas
538 452 807 500 ursronmnuu.
996 434 1063 499 353

108 610 202 675 illius
228 610 351 691 patriae
379 609 610 674 defensionem
638 607 845 673 sufficerent.
899 608 941 671 In
970 627 1197 690 pogonatus.

109 711 319 775 Eboracensi
342 730 455 773 rerum
479 717 514 774 et
537 717 728 773 castrorum
752 707 913 773 custodes
937 707 1062 771 consti·

110 811 178 875 tuit
198 809 391 872 Robertum
415 808 457 873 de
479 809 737 891 Veteri-ponte,
761 809 923 872 Brienum
942 807 984 869 de
1003 807 1064 869 In-

109 910 187 973 sula
207 916 242 971 et
259 907 465 971 Gaulridum
492 909 535 971 de
554 908 653 984 Luci,
668 928 745 971 cum
763 908 905 970 armatis
922 908 988 969 sibi
1006 926 1064 969 as·

110 1008 269 1089 signatis.
307 1007 496 1083 Willelmo,
521 1008 638 1070 comiti
663 1006 898 1081 Albemarliae,
922 1004 1063 1069 tradidit

110 1117 263 1171 castrum
279 1107 321 1169 de
337 1104 572 1188 Rokiugham,
588 1106 631 1169 de
648 1106 809 1181 Sauveia,
831 1115 867 1168 et
883 1105 1062 1168 castellum

110 1205 280 1269 Willelmi
306 1205 348 1268 de
379 1204 561 1281 Colevilla‚
587 1205 679 1287 quod
707 1205 832 1267 Bilram
855 1203 1063 1286 appellatur.

113 1305 273 1368 Falcasio
295 1305 468 1367 commisit
489 1311 640 1367 castrum
665 1305 707 1367 de
729 1303 880 1379 Oxonia,
904 1302 946 1365 de
971 1301 1063 1366 Nor·

111 1405 277 1479 hantone,
300 1403 342 1466 dc
363 1403 546 1480 Bedeford,
570 1411 605 1466 et
625 1402 667 1466 de
686 1404 936 1483 Cantabregge.
991 1402 1063 1465 Ra·

113 1502 243 1586 nulpbo
264 1502 482 1566 Teutbonico
513 1502 655 1565 tradidit
682 1502 862 1565 castellum
890 1502 932 1564 de
961 1501 1065 1564 Berc-

112 1602 314 1680 hamstede;
349 1611 385 1666 ct
406 1612 559 1666 castrum
582 1602 624 1664 de
648 1601 815 1665 Hertford
838 1600 996 1664 Waltero
1022 1599 1065 1662 de

114 1701 328 1778 Godarville,
346 1701 447 1764 militi
462 1701 505 1764 de
519 1701 651 1763 familia
666 1700 828 1764 Falcasii.
864 1699 933 1762 llis
947 1699 1066 1780 itaque

113 1811 148 1865 et
165 1801 243 1864 aliis
262 1800 421 1864 omnibus
438 1801 545 1865 totius
569 1801 666 1881 regni
685 1799 823 1880 Angliae
839 1799 932 1862 dedit
951 1818 1012 1861 rex
1029 1799 1065 1860 io

113 1901 298 1977 mandatis,
319 1908 369 1977 ut,
387 1901 477 1964 sicut
494 1919 641 1981 corpora
660 1901 801 1981 propria
816 1906 850 1962 et
866 1917 931 1961 sua
949 1898 1066 1960 omnia

115 2000 318 2081 diligebant,
345 2020 400 2063 res
426 2018 545 2063 omnes
571 2000 750 2075 baronum,
776 2008 891 2062 castra
920 1996 1065 2073 scilicet,

113 2100 270 2175 aedificia,
290 2099 404 2175 villas,
421 2118 556 2181 parcos,
575 2099 719 2174 vivaria,
736 2107 863 2180 stagna
885 2105 920 2161 et
935 2097 1067 2159 molen·

113 2200 207 2276 dina,
225 2198 511 2280 quemadmodum
526 2198 601 2279 ipse
612 2199 688 2281 jam
704 2199 893 2281 inceperat,
911 2197 977 2277 ipsi
993 2214 1065 2258 ram

112 2300 287 2380 inceptam
310 2298 414 2361 simili
437 2297 531 2360 rabie
553 2305 853 2376 consummarent3
884 2304 922 2360 at
936 2295 998 2370 illi,
1016 2315 1067 2359 re·

110 2398 182 2479 giis
206 2417 273 2460 non
293 2398 368 2460 ausi
391 2416 584 2479 repugnare
606 2399 791 2471 mandatis,
811 2397 847 2458 in
875 2396 975 2459 rebus
1000 2395 1066 2457 sibi

113 2497 280 2580 injunctis
295 2497 345 2560 ita
360 2497 564 2571 saeviebant,
578 2496 671 2577 quod
694 2496 736 2557 de
759 2504 959 2575 magnatum
983 2493 1065 2556 aedi·

115 2597 180 2659 bus
197 2616 237 2660 ac
254 2598 352 2660 bonis
378 2596 467 2673 aliis,
490 2596 624 2659 cunctis
647 2594 876 2668 cernentibus,
899 2592 1066 2655 lamenta·

115 2696 184 2759 bile
199 2695 435 2778 spectaculum
458 2695 679 2777 praebuerunt
693 2712 702 2771 ;
727 2693 846 2774 sicque
859 2711 922 2754 rex
932 2691 974 2753 de
988 2710 1065 2772 par-

117 2796 209 2858 tibus
237 2794 409 2878 aquilonis
434 2794 567 2857 rediens
591 2794 640 2856 ita
664 2812 735 2856 suae
755 2791 926 2855 voluntati
950 2789 1067 2853 omnia

116 2893 299 2976 disposuit,
317 2893 409 2976 quod
426 2893 488 2956 vix
503 2892 571 2954 duo
595 2891 794 2971 municipia,
810 2890 844 2954 id
861 2897 927 2965 est,
947 2888 1066 2951 Munt·

116 2993 207 3056 sorel
230 3000 266 3056 et
288 2992 381 3055 aliud
403 2992 494 3074 quod
514 2991 579 3055 fuit
597 2991 743 3055 Roberti
766 2990 808 3053 de
829 2989 904 3053 Ros
922 2989 957 3051 in
974 2987 1067 3051 Ebo-

116 3093 249 3156 racensi
273 3091 463 3174 provincia,
486 3092 522 3153 in
545 3097 718 3172 potestate
741 3090 909 3153 baronum
932 3106 1067 3151 reman-

116 3199 246 3256 serunt.
299 3191 368 3254 His
384 3191 544 3254 omnibus
561 3191 757 3270 regionibus
771 3188 958 3252 miserabili
974 3187 1068 3250 caede

116 3292 283 3367 subactis,
306 3310 367 3373 per
389 3289 539 3354 confinia
555 3288 693 3352 Walliae
716 3287 887 3350 australes
906 3286 1069 3348 tendebat

117 3390 162 3452 ad
179 3397 308 3472 partes,
332 3391 390 3452 ubi
411 3389 446 3451 in
462 3387 595 3451 cunctis
616 3388 681 3450 sibi
704 3385 969 3449 adversantibus
991 3402 1069 3446 cru·

118 3488 240 3553 deliter
257 3489 448 3553 desaeviens
472 3487 571 3570 plura
593 3487 810 3550 inimicorum
830 3502 970 3548 suorum
993 3500 1069 3545 cas·

118 3596 174 3652 tra
190 3588 326 3652 obsedit
343 3596 378 3651 et
394 3588 498 3669 cepit,
520 3605 667 3666 quorum
682 3583 840 3666 quaedam
856 3583 1070 3655 subvertere,

117 3686 289 3768 quaedam,
312 3688 483 3769 impositis
504 3686 634 3749 viribus
663 3690 886 3757 armatorum,
914 3681 979 3744 sub
1006 3698 1071 3743 sua

117 3792 291 3868 potestate
307 3785 451 3867 redegit.

182 3960 232 4023 De
248 3959 605 4023 excommunicationem
621 3955 747 4020 barones
764 3952 859 4018 lato
845 3974 880 4016 an
894 3950 1000 4037 specie

169 4083 272 4148 Circa
286 4084 359 4147 dies
375 4085 463 4147 istos
488 4100 642 4145 summus
663 4078 820 4193 pontifex
836 4078 982 4139 barones
1001 4073 1112 4231 An-e·
1085 4090 1138 4181 rr&
1140 4091 1215 4131 samm
1162 4142 1233 4181 mr-

169 4299 250 4345 VOla.
269 4299 324 4346 111.
