2970 5016
462 482 602 530 neonus
627 483 898 533 nrsronrnnun.
1088 470 1153 533 161

199 637 253 700 nis
282 638 431 719 rigorem
465 640 649 703 observare
684 640 880 716 decernens,
914 640 1064 716 tandem,
1089 660 1149 703 vo·
1163 656 1287 745 31¹2}le

196 744 298 800 cante
331 738 493 815 Domino,
526 738 672 801 feliciter
704 740 747 801 ab
785 739 848 801 hac
881 739 955 802 vita
987 739 1268 845 migravrtffiqnot

196 835 240 898 ad
265 835 465 900 Dominum.
518 836 674 919 Cumque
692 838 756 900 viri
777 838 889 901 sancti
912 857 1038 919 corpus
1061 857 1082 901 a
1101 838 1149 901 ci·
1161 854 1226 895 uum
1235 865 1256 894 u·

195 935 298 998 vibus
318 935 594 1000 Londinensibus
616 936 806 1000 deferretur
822 936 914 1019 apud
933 936 1148 1000 Lincolniam

197 1035 448 1110 tumulandum,
477 1035 633 1099 mirabile
660 1036 754 1099 dictu
779 1036 916 1111 accidit,
939 1036 1044 1119 quod,
1070 1056 1148 1100 curn

197 1134 287 1197 cerei
311 1134 347 1196 in
370 1134 466 1198 exitu
489 1133 642 1199 civitatis
666 1143 747 1198 aute
771 1154 897 1216 corpus
921 1135 1069 1198 fuissent
1091 1155 1150 1199 ac·

197 1232 304 1309 censi,
314 1240 537 1315 perquatuor
549 1232 660 1297 dietas
666 1233 800 1317 jugiter
811 1241 981 1310 arserunt,
992 1234 1043 1297 ita
1055 1235 1148 1316 quod

198 1350 267 1395 non
287 1330 352 1394 suit
370 1331 455 1396 hora
473 1331 508 1395 in
527 1351 597 1414 qua
615 1332 677 1395 lux
694 1333 731 1395 in
750 1333 869 1413 aliquo
886 1352 1062 1397 cereorum
1079 1354 1148 1397 non

196 1429 331 1504 fuisset,
357 1430 439 1496 licet
464 1439 601 1513 tempus
628 1451 670 1494 ex
704 1431 794 1494 aeris
827 1432 1028 1513 intemperie
1061 1433 1149 1496 mul-

197 1529 300 1593 toties
325 1538 417 1594 esset
439 1538 544 1595 vente
567 1538 602 1595 et
627 1531 746 1613 pluvia
767 1530 1022 1608 turbulentum3
1057 1532 1148 1595 unde

196 1628 338 1692 dubium
357 1649 427 1693 non
447 1638 512 1705 est,
528 1630 614 1712 quin
634 1629 805 1694 Dominus
826 1629 951 1693 animae
967 1630 1076 1712 ipsius
1093 1630 1147 1694 lu·

195 1746 270 1792 cem
297 1730 547 1810 praeparaverit
571 1736 785 1811 perpetuam,
815 1729 874 1809 qui
902 1748 965 1810 pro
992 1731 1147 1812 corporis

195 1826 417 1891 veneratione
447 1848 516 1893 non
547 1829 703 1910 permisit
728 1827 916 1909 temporale
942 1828 1057 1891 lumen
1084 1849 1147 1892 ex·

194 1926 337 2007 stingui.
384 1926 480 1990 Obiit
498 1934 613 1991 autem
637 1946 758 1991 servus
777 1927 844 1990 Dei
866 1926 986 2008 Hugo,
1009 1927 1146 1992 Lincol·

195 2026 325 2088 niensis
348 2027 544 2107 episcopus,
565 2045 658 2090 anno
680 2026 788 2090 Verbi
812 2026 982 2089 incarnati
1006 2027 1146 2091 millesi-

195 2143 251 2188 mo
280 2125 515 2190 ducentesimo
554 2126 687 2190 decimo
704 2127 844 2208 quinto,
878 2124 1045 2190 kalendas
1076 2128 1148 2190 De·

194 2224 348 2287 cambris.

199 2392 242 2458 Ut
254 2416 363 2481 corpus
376 2398 477 2461 saneti
485 2397 629 2482 Hepene's
642 2395 777 2459 demtum
791 2396 833 2459 eit
849 2397 938 2480 apud
949 2396 1147 2461 Lineolniom

526 2496 571 2560 od
582 2495 807 2559 tumulandam.

246 2618 493 2684 Convenerunt
509 2621 643 2683 interea
659 2619 700 2681 ad
720 2619 930 2701 colloquium
951 2620 1042 2701 apud
1062 2618 1145 2681 Lin-
1157 2627 1308 2718 ssffiffl‘

194 2718 343 2782 coluiam
374 2739 436 2783 rex
466 2718 658 2800 Anglorum
687 2717 867 2781 Johannes
895 2725 930 2781 et
954 2711 1032 2780 'rex
1062 2718 1146 2781 Sco·
1247 2704 1251 2715 ’

195 2824 308 2881 torum
331 2818 539 2894 Willelmus,
573 2837 650 2881 cum
678 2817 839 2882 universa
871 2816 1051 2880 nobilitate
1074 2825 1145 2880 tam

194 2917 277 2980 cleri
308 2937 411 2999 quam
445 2917 564 3000 populi
602 2917 783 2998 utriusque
820 2917 930 2997 regni,
965 2916 1145 2980 undecimo

195 3013 363 3080 kalendas
393 3017 615 3095 Decembris3
646 3016 705 3079 ubi
730 3035 791 3078 rex
819 3014 998 3079 Johannes
1024 3022 1146 3080 contra

193 3115 375 3178 consilium
404 3117 589 3180 multorum
620 3116 764 3178 intravit
792 3115 969 3179 civitatem
1001 3116 1145 3197 intrepi-

194 3212 272 3289 dus,
300 3214 392 3295 quod
423 3214 539 3278 nullus
572 3222 828 3278 antecessorum
860 3233 1000 3279 suorum
1030 3222 1143 3279 atten-

195 3319 270 3376 tare
300 3332 406 3377 ansus
433 3314 559 3389 fuerat,
590 3311 862 3395 perveniensque
892 3312 936 3377 ad
963 3314 1143 3378 ecclesiam

193 3411 424 3476 cathedralem
443 3412 571 3477 obtulit
592 3413 733 3477 calicem
751 3431 893 3476 aureum
915 3432 1018 3495 super
1033 3413 1143 3476 altere

194 3512 306 3575 sancti
338 3511 362 3575 J
365 3512 510 3576 ohannis
550 3512 732 3594 Baptistae,
765 3512 857 3592 quod
890 3519 944 3574 est
978 3512 1012 3573 in
1052 3530 1143 3576 novo

193 3629 330 3691 operea
348 3619 470 3675 sancto
488 3610 634 3693 praefato
651 3630 673 3674 a
687 3610 920 3674 fundamentis
941 3609 1144 3673 mirabiliter

193 3709 374 3775 fabricato.
416 3710 462 3773 Et
479 3711 598 3774 eodem
615 3710 670 3774 die
686 3716 922 3774 convenerunt
939 3708 1012 3790 ipse
1029 3715 1064 3771 et
1082 3728 1145 3772 rex

192 3806 374 3872 Scotorum
404 3817 506 3873 extra
536 3809 711 3873 civitatem
735 3810 771 3871 in
794 3815 943 3871 montem
969 3807 1142 3884 arduum;

192 3916 228 3970 et
245 3906 292 3970 ibi
314 3909 351 3970 in
369 3916 557 3991 conspectu
580 3909 691 3971 omnis
714 3906 832 3990 populi
850 3906 1059 3982 Willelmus,
1082 3926 1145 3969 rex

192 4005 331 4084 Scotiae,
359 4009 441 4073 lecit
473 4007 671 4089 homagium
700 4008 772 4088 regi
798 4005 953 4070 Johanni
982 4005 1025 4068 de
1052 4007 1144 4069 omni

226 4203 235 4234 ¹
248 4206 305 4255 Rex
322 4205 448 4256 Scotorum
469 4207 504 4257 W
503 4207 615 4257 illelmna
629 4207 640 4269 ]
670 4204 794 4264 Compare
807 4201 1105 4266 comminiscensae.

243 4297 324 4344 VOL.
342 4297 395 4345 111.
968 4295 992 4340 Μ
