2970 5016
395 463 535 511 aconas
559 462 830 512 rnsvonrnnuu.
1025 447 1088 511 171

132 623 287 687 evanuit.
334 621 464 686 Eodem
485 641 577 685 anno
600 641 663 685 rex
685 621 866 686 lohannes
889 623 1031 686 veniens
1053 623 1089 685 in
1103 637 1157 676 uu·
1170 637 1225 675 1²⁰²-

134 722 299 804 Angliam
329 721 423 804 apud
452 720 678 785 cantuariam
717 731 904 786 coronatus
945 729 998 786 est
1029 742 1091 805 per

135 840 275 884 manum
292 821 458 897 Huberti,
473 820 737 885 cantuariensis
755 820 1018 904 archiepiscopi,
1035 820 1091 884 de-

135 922 226 984 cimo
249 930 375 986 octavo
395 919 563 983 kalendas
583 919 683 996 Maii,
702 926 737 982 et
751 920 844 984 illico
861 920 898 982 in
917 919 1091 984 Norman-

137 1021 231 1083 niam
254 1018 514 1099 transfretavit3
538 1038 608 1100 quo
634 1038 712 1082 cum
733 1019 960 1101 pervenisset,
983 1018 1093 1083 incre-

138 1120 215 1183 buit
243 1119 360 1202 opinio
392 1138 455 1201 per
488 1126 600 1182 totum
634 1137 777 1199 regnum
809 1118 1021 1181 Francorum
1050 1117 1092 1182 de

139 1227 250 1282 morte
271 1216 417 1282 Arthuri
440 1224 476 1281 et
497 1238 560 1300 per
585 1237 704 1281 omnes
734 1217 893 1281 nationes
922 1225 1092 1280 transma-

141 1317 247 1394 rinas,
270 1317 356 1381 adeo
385 1317 523 1399 quidem
551 1324 590 1380 ut
617 1336 680 1379 rex
704 1316 884 1380 lohannes
910 1325 1093 1399 suspectus

140 1416 333 1480 habebatur
349 1417 394 1479 ab
408 1415 567 1480 omnibus
582 1417 682 1498 quasi
705 1415 802 1478 illum
825 1434 930 1477 manu
953 1415 1094 1497 propria

143 1516 357 1597 peremisset,
382 1516 473 1579 unde
493 1515 594 1578 multi
614 1515 748 1578 animos
763 1520 960 1577 avertentes
975 1533 997 1576 a
1013 1534 1093 1595 rege

139 1634 277 1697 semper
295 1615 470 1697 deinceps,
488 1622 535 1681 ,ut
555 1613 631 1678 ausi
654 1624 749 1691 sunt,
772 1612 958 1694 nigerrimo
979 1602 1091 1696 ipsum

140 1714 220 1777 odio
234 1714 525 1796 perstrinxerunt.

160 1888 203 1952 Ut
214 1897 371 1974 moyaotee
386 1887 510 1973 Acylla
524 1908 621 1972 rocem
638 1885 812 1949 Iohannem
827 1885 862 1947 ia
878 1884 1080 1949 Normoaaio

517 1986 724 2050 mmet.

202 2108 306 2173 Anno
333 2110 456 2192 gratiae
488 2126 618 2173 necin.
643 2107 837 2185 Johannes,
862 2127 925 2171 rex
942 2106 1093 2189 Angliac,
1107 2122 1228 2211 effla

140 2209 329 2273 celebravit
344 2209 461 2273 natale
478 2208 619 2272 Domini
635 2206 728 2290 apud
744 2207 959 2272 Cadomum
950 2227 985 2270 m
1002 2206 1094 2271 Nor·
1106 2222 1140 2262 uo
1127 2232 1200 2262 oum
1172 2220 1236 2269 mav-

143 2308 295 2385 mannia,
329 2310 400 2386 ubi,
429 2308 633 2391 postpositis
663 2307 916 2370 incursionibus
949 2306 1093 2384 bellicis,

141 2428 220 2472 cum
238 2408 359 2490 regina
381 2408 589 2489 epulabatur
611 2405 764 2489 quotidie
789 2405 981 2488 splendide,
1004 2425 1095 2469 som·

143 2526 275 2589 uosque
301 2506 523 2571 matutinales
552 2505 729 2587 usquead
757 2505 947 2587 prandendi
976 2503 1094 2567 horam

144 2607 328 2689 protraxit.
381 2605 531 2669 Peracta
554 2604 677 2669 deinde
700 2604 918 2667 solemnitate
944 2602 1094 2666 Pascha-

144 2706 182 2781 li,
205 2724 267 2769 rex
292 2705 516 2782 Francorum,
539 2723 668 2785 magno
691 2703 845 2767 exercitu
871 2708 1096 2782 congregato,

145 2797 253 2887 cepit¹
281 2803 431 2887 plurima
459 2803 604 2868 castella
629 2821 733 2885 super
755 2820 871 2881 regem
889 2799 1096 2881 Anglorum,

143 2923 291 2986 quorum
309 2903 468 2984 quaedam
485 2902 560 2966 solo
578 2911 678 2966 tenus
695 2900 942 2982 complanavit,
953 2899 1097 2962 fortiora

145 3010 261 3066 autem
280 3003 417 3084 integra
440 3002 643 3065 reservavit.
695 2999 925 3063 Venientibus
949 2997 1097 3080 denique

145 3101 190 3166 ad
207 3121 323 3184 regem
343 3102 472 3165 nuntiis
487 3108 523 3165 et
537 3101 744 3176 dicentibus,
760 3098 862 3162 ‘Rex
885 3099 1096 3173 Francorum

146 3209 273 3264 terram
303 3208 455 3265 vestram
489 3199 662 3263 hostiliter
691 3199 869 3280 ingressus
901 3199 994 3280 cepit
1021 3197 1097 3280 jam

147 3300 209 3363 illa
226 3307 261 3364 et
283 3299 344 3363 illa
366 3299 523 3374 castella,
545 3306 581 3362 et
603 3298 811 3362 castellanos
828 3305 961 3361 vestros
979 3297 1098 3360 caudis

146 3419 314 3481 equorum
331 3400 478 3482 turpiter
491 3397 654 3479 alligatos
677 3395 829 3473 abducit,
851 3404 956 3477 atque
978 3394 1022 3458 de
1044 3417 1097 3459 re·

147 3499 212 3561 bus
243 3499 368 3562 vestris
399 3518 462 3580 pro
494 3497 595 3562 libitu
625 3515 689 3559 suo
722 3497 796 3559 sine
826 3493 1099 3558 contradictione

147 3597 299 3680 disponit
316 3597 337 3676 ;'
367 3597 493 3679 quibus
529 3615 592 3659 rex
618 3595 800 3660 Johannes
834 3592 929 3656 dedit
956 3611 1099 3674 respon-

148 3716 237 3773 sum,
250 3695 384 3760 ‘Sinite
399 3696 496 3760 illum
512 3695 636 3770 facere,
655 3714 733 3775 ego,
750 3692 912 3775 quicquid
930 3691 1032 3754 modo
1046 3710 1099 3754 ra-

149 3797 212 3878 pit,
235 3815 305 3859 uno
321 3797 377 3859 die
393 3796 604 3878 recuperabo
619 3795 640 3871 ;’
663 3795 713 3857 sic
729 3812 792 3856 nec
809 3791 867 3854 isti
882 3810 945 3854 nec
960 3789 1019 3852 alii
1034 3790 1099 3853 sibi

148 3894 276 3959 similia
303 3895 550 3959 denuntiantes
572 3893 666 3956 aliud
690 3896 879 3974 potuerunt
902 3888 1026 3952 habere
1049 3910 1102 3953 rc-

148 4014 324 4077 spousum.
381 3993 534 4058 Comites
558 4012 640 4057 vero
666 4000 701 4055 et
733 3993 880 4055 barones
909 3997 944 4052 et
971 3988 1030 4052 alii
1058 3987 1101 4053 de

255 4206 263 4239 ¹
274 4209 345 4272 Cepit
355 4209 462 4272 plurimu
473 4203 593 4274 casuue]
613 4208 736 4268 &mpure
750 4205 855 4268 Rigord,
866 4220 910 4266 pp.
922 4208 964 4267 56,
975 4209 1016 4254 57.
