2970 5016
402 469 468 535 196
656 486 790 534 noorai
814 488 863 534 na
884 486 1092 534 wannovaa

242 658 367 700 alt-m
404 663 555 726 spersas,
572 651 674 707 extra
695 644 874 708 basilicam
897 662 996 707 muro
1017 643 1281 725 septentrionali
1304 644 1358 705 in-

242 710 360 799 me*
399 742 570 826 jacentes,
607 744 681 807 sine
704 744 836 826 aliqua
869 762 1011 826 operum
1041 741 1267 818 discussione,
1296 761 1360 823 per

404 849 541 923 portam
569 842 756 923 quandam,
785 861 864 924 qnae
888 850 964 904 erat
997 842 1033 902 in
1063 841 1225 904 orientali
1256 848 1358 922 parte

405 939 571 1016 basilicae,
591 941 715 1004 beatus
736 940 863 1003 Petrus
885 939 1058 1002 introduci
1080 938 1161 1002 secit
1182 939 1357 1019 inignem

406 1038 658 1119 purgatorium,
684 1047 724 1102 nt
752 1058 775 1101 a
799 1038 958 1113 maculis,
987 1056 1076 1119 quas
1099 1056 1122 1099 a
1147 1039 1357 1118 contagione

406 1145 624 1218 peccatorum
651 1144 910 1212 contraxerant,
940 1155 1002 1218 per
1030 1135 1247 1199 adustionem
1278 1155 1359 1216 pos-

406 1241 484 1297 sent
498 1234 742 1298 debacchantis
759 1233 908 1298 incendii
926 1233 1117 1297 emundari.

551 1406 600 1469 Dc
607 1405 830 1490 ponderatione
843 1403 988 1469 bosom
1002 1413 1030 1467 ct
1044 1403 1207 1467 maloram

472 1530 604 1593 Beatus
633 1546 770 1610 qnoque
801 1527 935 1590 Paulus
967 1526 1146 1610 apostolus
1179 1525 1223 1588 ad
1255 1526 1357 1589 finem

409 1628 497 1689 muri
523 1626 803 1709 septentrionalis
825 1626 974 1689 residere
998 1626 1107 1708 coepit
1128 1626 1220 1688 intra
1241 1624 1359 1687 basili·

409 1744 506 1803 cam3
532 1734 568 1789 et
584 1735 685 1789 extra
702 1743 849 1800 murum,
869 1743 912 1787 ex
929 1725 1089 1806 opposito
1105 1722 1268 1805 apostoli,
1285 1723 1361 1785 dia-

408 1824 509 1886 bolus
543 1842 621 1886 cum
655 1824 727 1885 suis
758 1822 966 1885 satellitibus
995 1822 1194 1900 residebat3
1234 1829 1359 1902 puteus

409 1929 524 1985 autem
544 1921 809 1996 flammivomus,
824 1921 883 2003 qni
906 1941 945 1985 os
968 1927 1045 1984 erat
1065 1922 1160 2001 putei
1182 1918 1357 2001 gehenna-

409 2017 464 2094 lis,
498 2039 598 2082 secus
631 2020 737 2101 pedes
770 2018 898 2082 diaboli
928 2020 1139 2100 erumpebat
1189 2017 1357 2096 Quaedam

409 2134 493 2180 vero
524 2118 625 2194 libra,
655 2135 756 2199 aequa
785 2118 886 2180 lance
916 2117 1122 2200 dependens,
1151 2116 1257 2180 affixa
1284 2124 1360 2180 erat

409 2233 515 2296 snper
550 2234 685 2278 murum
724 2215 816 2277 inter
858 2215 1052 2298 apostolum
1096 2223 1132 2279 et
1172 2215 1359 2292 diabolum,

408 2312 509 2396 cujus
540 2332 621 2394 pars
650 2313 762 2377 media
789 2313 1004 2396 dependebat
1029 2321 1109 2378 ante
1135 2321 1357 2396 conspectum

411 2410 537 2474 diaboli
561 2413 739 2490 exterius3
769 2411 918 2477 habebat
943 2414 1061 2495 itaque
1085 2413 1263 2494 apostolus
1288 2413 1358 2476 dno

409 2510 575 2590 pondera,
592 2511 704 2594 majus
721 2518 757 2575 et
772 2512 897 2589 minus,
918 2512 1056 2575 omnino
1077 2511 1187 2575 nitida
1208 2518 1244 2575 et
1259 2513 1359 2593 qnasi

411 2627 529 2686 aurea,
543 2619 578 2673 et
600 2608 758 2673 diabolus
779 2610 938 2674 similiter
958 2610 1027 2673 duo
1049 2609 1217 2690 fuliginea
1239 2618 1276 2673 et
1297 2611 1358 2672 ob·

410 2725 524 2770 scura.
570 2707 802 2771 Accesserant
824 2727 908 2789 ergo
935 2709 1059 2771 animae
1084 2727 1129 2770 ex
1150 2715 1226 2772 toto
1248 2708 1358 2788 nigrae

411 2824 488 2867 cnm
506 2825 632 2887 magno
648 2807 770 2869 timore
785 2813 821 2868 et
835 2807 1074 2888 trepidatione,
1089 2825 1160 2869 una
1175 2813 1254 2888 post
1271 2807 1358 2869 alte·

411 2921 497 2978 ram,
513 2905 658 2984 singulae
673 2903 954 2984 ponderationem
970 2923 1110 2986 opernm
1134 2923 1275 2967 snorum
1295 2905 1358 2967 ibi-

411 2999 488 3063 dem
505 3001 632 3062 visurae
654 3001 819 3065 bonornm
846 3010 881 3066 et
896 3003 1087 3081 malorum3
1110 3021 1190 3065 nam
1206 3002 1359 3085 pondera

410 3098 577 3178 praedicta
596 3099 834 3179 ponderabant
861 3101 1075 3182 singularum
1100 3119 1206 3182 opera
1227 3101 1358 3163 anima-

411 3214 499 3271 rum,
511 3196 698 3259 secundum
713 3198 804 3280 quod
819 3197 973 3262 fecerant
984 3200 1110 3262 bonnm
1128 3199 1202 3262 sive
1217 3199 1357 3261 malum.

412 3292 499 3355 Cum
518 3312 602 3375 ergo
618 3303 750 3359 statera
770 3315 807 3360 se
823 3316 945 3360 versus
962 3297 1157 3379 apostolum
1176 3298 1359 3361 inclinaret

411 3410 473 3473 per
495 3411 635 3457 suorum
661 3394 877 3458 librationem
895 3394 1096 3477 ponderum,
1111 3394 1256 3459 tollebat
1276 3414 1362 3478 apo·

411 3490 523 3554 stolus
540 3493 688 3554 animam
703 3492 797 3555 illam
821 3500 856 3555 et
872 3494 1066 3558 introduxit
1090 3512 1165 3557 eam
1192 3512 1254 3574 per
1279 3514 1359 3576 por-

411 3595 482 3652 tam
500 3590 713 3665 orientalem,
736 3609 814 3671 quae
836 3592 1023 3675 conjuncta
1045 3599 1120 3655 erat
1142 3592 1307 3668 basilicae,
1324 3593 1360 3654 in

410 3686 524 3767 ignem
560 3689 810 3769 purgatorium,
837 3697 877 3753 nt
907 3690 977 3753 illic
1003 3691 1149 3753 crimina
1181 3689 1358 3772 expiaret3

410 3804 488 3848 cnm
515 3805 596 3848 vero
620 3804 702 3867 pars
735 3794 875 3850 staterae
905 3787 949 3851 ad
979 3787 1155 3851 diabolum
1188 3807 1225 3851 se
1262 3788 1360 3851 incli-

411 3889 511 3946 naret
534 3890 569 3946 et
590 3885 883 3965 praeponderaret,
905 3881 995 3962 mox'
1018 3885 1077 3948 ille
1103 3904 1179 3949 cnm
1204 3886 1361 3949 satelliti-

410 3981 475 4043 bus
519 3982 590 4044 suis
630 3983 779 4045 animam
823 3985 982 4046 miseram
1019 3985 1121 4047 nimis
1158 3984 1359 4067 ejulantem,

409 4086 612 4162 patremque
636 4099 735 4143 suum
762 4101 802 4144 ac
828 4090 985 4160 matrem,
1009 4084 1068 4163 qui
1091 4101 1167 4146 eam
1191 4082 1234 4145 ad
1258 4092 1360 4146 aeter·

410 4194 456 4237 na
473 4185 664 4257 genuerant
687 4186 871 4257 tormenta,
892 4180 1167 4257 maledicentem,
1184 4181 1361 4262 rapientes
