2970 5016
406 473 545 521 anonas
568 473 841 524 nrsronrauuu.
1032 460 1099 525 159

60 702 63 707 ,
142 637 204 711 put
222 628 299 712 ojus
318 628 464 711 ligatum
484 628 528 692 ad
552 637 699 713 postem,
720 648 842 692 manus
861 649 944 693 vero
964 631 1040 715 ejus
1061 639 1097 696 ct
1111 654 1165 694 no.
1178 657 1233 694 oon

143 729 248 811 pedes
276 728 354 792 hinc
381 729 460 791 inde
486 729 529 792 ad
553 728 715 810 paxillos.
770 728 977 811 Episcopus,
1004 705 1192 813 aquaiffl‘

142 828 324 892 benedicta
341 846 362 890 a
383 847 421 891 se
441 827 546 904 facta,
563 827 736 890 infirmum
759 827 914 909 linguam
936 831 1097 894 emitten—
1110 805 1217 894 ῗῖιῗέῗιῗ

143 935 212 991 tom
230 934 265 990 et
280 927 380 1009 quasi
397 928 510 1010 ipsum
527 927 739 990 deridentem
762 928 922 1009 aspersit,
940 936 975 992 et
991 948 1095 993 evan-

143 1026 272 1108 gelium
298 1026 371 1089 ‘In
392 1026 560 1109 principio
584 1033 659 1089 erat
682 1021 839 1089 verbum'
861 1045 966 1109 super
991 1029 1096 1093 furio

143 1146 220 1189 sum
242 1126 339 1208 legit,
360 1126 632 1189 benedictionem
651 1124 745 1188 dedit
762 1138 797 1188 ct
815 1126 968 1190 recessit.
1014 1127 1096 1206 Quo

144 1226 337 1301 recedente,
357 1225 465 1306 coepit
481 1231 634 1305 aegrotus
657 1224 854 1300 dormitare,
871 1233 907 1288 et
924 1227 1095 1307 evigilans

144 1324 238 1388 illico
261 1324 441 1389 restitutus
466 1330 520 1387 est
542 1323 696 1405 pristinae
720 1323 875 1388 sanitati.
928 1324 1029 1389 Circa
1052 1327 1095 1390 il·

145 1423 204 1486 lud
221 1431 356 1506 tempus
373 1424 451 1505 pius
468 1423 625 1506 pontifex
642 1423 678 1485 in
695 1420 750 1485 die
770 1420 998 1500 Parasceues,
1017 1444 1095 1489 cum

145 1530 238 1586 esset
267 1522 456 1588 Lincolniae
482 1529 518 1586 et
547 1521 591 1585 ad
619 1521 784 1584 fabricam
811 1522 964 1584 matricis
989 1525 1097 1588 eccle-

146 1623 222 1698 siae,
246 1641 349 1703 quam
373 1622 534 1687 nobiliter
557 1641 580 1684 a
601 1619 834 1683 fundamentis
861 1629 1096 1701 exstruxerat,

145 1720 279 1803 lapides
304 1728 340 1785 et
361 1729 567 1785 caementum
595 1719 745 1782 humeris
778 1719 851 1783 suis
881 1720 916 1782 in
947 1722 1096 1803 quodam

147 1821 308 1902 cophino,
332 1822 422 1885 sicut
447 1821 575 1902 saepius
600 1826 839 1895 consueverat,
861 1818 978 1896 ferret,
1001 1821 1096 1885 clau·

147 1919 213 1982 dus
241 1921 382 2002 quidam
411 1939 455 1984 cx
482 1927 629 2001 utraque
657 1926 768 2001 parte,
796 1919 929 1983 duobus
957 1920 1097 1985 innixus

149 2020 293 2097 baculis,
309 2020 392 2084 totis
409 2019 598 2083 visceribus
614 2017 810 2081 desiderare
826 2019 934 2101 coepit
950 2020 1097 2084 eundem

147 2119 331 2200 cophinum
348 2117 489 2196 deferre,
512 2137 656 2200 sperans
672 2118 764 2199 quod
781 2119 982 2199 permerito
1003 2121 1097 2184 beati

149 2219 215 2280 viri
241 2219 425 2282 sanitatem
451 2224 544 2281 essct
569 2225 795 2298 recepturus;
828 2217 966 2282 tandem
984 2236 1007 2281 a
1026 2238 1096 2283 ma·

148 2318 258 2397 gistro
283 2318 397 2400 operis
422 2316 498 2380 dari
522 2317 588 2378 sibi
612 2315 798 2398 cophinum
826 2317 1038 2399 impetravit,
1060 2318 1096 2382 in

148 2434 218 2497 quo
237 2416 370 2497 lapides
385 2422 420 2479 et
437 2423 641 2479 caementum
663 2434 741 2478 cum
764 2415 836 2478 suis
856 2416 988 2479 baculis
1008 2416 1096 2481 ferre

149 2513 267 2596 coepit.
319 2515 458 2597 Elapsis
475 2534 558 2578 vero
577 2514 697 2596 paucis
717 2514 850 2590 diebus,
871 2534 977 2578 unum
996 2514 1096 2578 dimi-

148 2613 196 2678 sit
218 2613 391 2689 bacuium,
414 2633 456 2677 ac
482 2613 604 2677 deinde
626 2613 808 2694 reliquum,
831 2620 866 2676 et
888 2620 968 2694 post
986 2614 1096 2677 modi·

149 2732 228 2776 cum
253 2713 419 2795 temporis
445 2732 552 2776 sanus
583 2720 619 2776 et
641 2721 790 2788 erectus,
814 2711 910 2774 nullo
935 2711 1097 2777 suffultus

148 2812 263 2876 baculi
291 2812 512 2889 adminiculo,
539 2811 683 2875 eundem
717 2811 902 2892 cophinum
934 2810 978 2874 ad
1010 2831 1097 2894 opus

148 2913 302 2976 ecclesia
330 2911 562 2995 deportabat3
594 2930 696 2992 quem
726 2910 910 2992 cophinum
936 2929 1013 2974 cum
1043 2931 1097 2975 es·

149 3018 203 3074 set
221 3031 327 3075 sanus
350 3011 436 3074 adeo
454 3011 589 3086 dilexit,
607 3018 646 3073 ut
668 3028 690 3072 a
713 3029 750 3075 se
777 3009 930 3092 separari
952 3010 1097 3075 nullate-

150 3131 215 3173 nus
234 3112 431 3174 sustineret.
484 3109 566 3174 Alio
584 3128 721 3191 quoque
744 3117 899 3191 tempore
918 3109 1045 3175 accidit
1062 3110 1097 3173 in

150 3210 270 3273 eadem
291 3211 445 3286 civitate,
460 3209 552 3290 quod
575 3210 660 3271 civis
679 3209 819 3291 quidam
839 3210 875 3271 in
898 3216 1030 3273 tantam
1050 3211 1099 3273 in-

150 3310 234 3372 cidit
254 3309 453 3385 amentiam,
476 3308 568 3391 quod
589 3315 667 3371 octo
687 3308 750 3372 viri
769 3307 908 3371 suerunt
925 3309 969 3372 ad
989 3310 1099 3391 ipsius

149 3408 343 3472 custodiam
377 3409 546 3489 deputati,
582 3407 642 3490 qui
676 3407 712 3470 in
750 3407 898 3470 vinculis
939 3408 1100 3472 detentus

150 3515 249 3571 tanto
270 3508 469 3589 agitabatur
488 3507 615 3582 furore,
638 3507 729 3587 quod
756 3525 899 3569 uxorem
918 3513 954 3569 et
974 3507 1100 3571 liberos

149 3606 308 3689 proprios
343 3607 542 3669 minabatur
575 3606 737 3669 dentibus
768 3605 925 3682 laniare3
960 3606 1098 3669 tandem

149 3707 185 3769 in
203 3707 286 3788 biga
300 3706 430 3787 ligatus
447 3706 492 3768 ad
505 3707 618 3770 virum
634 3705 702 3768 Dei
717 3705 886 3768 adductus
901 3712 974 3782 est3
997 3723 1099 3786 quem

148 3825 228 3869 cum
247 3805 456 3888 inspexisset
475 3806 669 3888 episcopus,
691 3804 808 3867 statim
830 3823 921 3886 aqua
940 3804 1102 3868 benedic·

149 3913 187 3968 ta
208 3904 306 3967 illum
330 3904 492 3988 aspersit,
514 3911 550 3968 ct
569 3903 728 3985 spiritum
749 3902 938 3983 malignum
961 3903 1100 3986 adjura-

150 4005 212 4079 vit,
230 4012 270 4067 ut
290 4006 334 4066 ab
354 4024 395 4069 eo
415 4005 528 4068 exiret
548 4005 731 4086 ipsumque
755 4002 900 4065 ulterius
923 4021 990 4066 non
1013 4022 1099 4066 vex·

149 4111 237 4167 aret.
284 4104 392 4185 AEger
417 4123 500 4167 vero
520 4103 760 4177 incontinenti,
785 4101 943 4164 morienti
966 4102 1101 4178 similis,

149 4203 280 4267 corruit
297 4203 488 4279 interram,
506 4222 611 4286 super
624 4221 725 4283 quem
743 4200 797 4264 vir
812 4208 955 4263 sanctus
974 4220 1100 4282 aquam
