2970 5016
410 456 475 519 172
659 468 792 517 aocnru
818 468 865 514 nn
888 467 1098 516 wnnnovnn

250 648 305 688 nn.
316 649 371 687 nc.
411 649 518 711 reguo
535 628 673 710 Angliae
691 628 835 703 nobiles,
859 627 918 708 qui
933 628 965 690 ei
981 634 1125 690 eatenus
1141 626 1289 691 fideliter
1303 628 1366 691 ad-

411 729 597 805 baescrant,
625 727 710 791 talia
737 727 918 790 audientes
942 726 1087 810 ejusque
1111 726 1280 790 desidiam
1309 728 1363 791 in·

408 827 638 908 corrigibilem
654 826 899 907 intelligentes,
913 826 1101 907 impetrata
1115 826 1269 903 licentia,
1278 847 1362 909 qua·

410 927 441 990 si
468 926 562 991 illico
593 926 777 1001 reversuri,
805 933 1002 988 remearunt
1029 925 1075 987 ad
1105 926 1258 1007 propria,
1281 944 1364 1007 rege

409 1045 488 1089 cum
504 1026 623 1108 paucis
639 1023 822 1088 admodum
838 1023 1005 1087 militibus
1021 1023 1057 1087 in
1076 1023 1292 1089 Normannia
1305 1024 1367 1088 de·

411 1125 544 1190 relicto.
596 1123 705 1204 Hugo
729 1124 772 1186 de
792 1121 928 1186 Gnrnai
952 1123 1131 1187 castellum
1152 1122 1196 1187 de
1221 1123 1363 1188 Monte-

411 1224 504 1300 forti,
531 1223 622 1306 qnod
649 1242 710 1286 rex
736 1221 917 1286 Jobannes
946 1241 1025 1285 cum
1054 1230 1129 1286 toto
1157 1222 1289 1287 honore
1311 1224 1362 1287 illi

410 1321 557 1405 praelato
573 1321 718 1403 Hugoni
736 1321 942 1399 contulerat,
959 1322 1032 1403 regi
1053 1322 1266 1385 Francorum
1284 1323 1363 1386 red-

411 1422 498 1486 didit
533 1430 568 1485 et
604 1422 693 1485 clam
724 1421 767 1484 de
802 1428 903 1484 nocte
940 1419 1050 1503 ipsius
1087 1420 1214 1484 milites
1252 1423 1362 1487 intro-

410 1522 523 1599 duxit,
553 1522 685 1603 sicque,
710 1519 838 1584 domini
861 1521 915 1583 sui
943 1519 1017 1601 ligii
1040 1519 1206 1584 fidelitate
1230 1530 1362 1604 spreta,

409 1620 453 1683 ad
475 1640 591 1702 regem
619 1621 776 1684 Franciae
802 1619 1013 1683 convolavit.
1066 1618 1145 1682 Rex
1166 1618 1360 1703 Anglorum

409 1719 541 1784 interea
559 1719 651 1800 apud
669 1719 927 1800 Rotbomagum
949 1718 1150 1782 morabatur
1166 1738 1245 1782 cum
1271 1721 1362 1802 regi·

409 1838 456 1882 na
471 1818 632 1895 imbellis,
656 1819 706 1882 ita
720 1818 812 1901 quod
831 1819 875 1881 ab
893 1817 1051 1882 omnibus
1062 1816 1234 1881 diceretur
1247 1819 1360 1902 ipsum

410 1917 482 1980 fore
498 1918 685 1999 sortilegiis
700 1917 754 1980 vel
769 1916 947 1982 maleficiis
962 1917 1191 1995 infatuatum3
1216 1917 1360 1982 hilarem

409 2019 542 2081 cunctis
573 2018 662 2081 inter
685 2024 737 2080 tot
761 2017 887 2079 damna
910 2023 946 2079 et
967 2016 1153 2098 opprobria
1172 2016 1361 2082 exhibebat

410 2115 555 2192 vultum,
567 2116 649 2179 acsi
663 2114 729 2178 sibi
743 2116 827 2179 nihil
840 2115 1055 2198 deperiisset.
1091 2109 1278 2197 ¹[Interea]
1296 2138 1360 2182 rex

412 2213 634 2288 Francorum,
644 2215 776 2294 ingenti
795 2215 950 2278 exercitu
965 2222 1191 2296 congregato,
1205 2218 1301 2279 venit
1315 2216 1360 2280 ad

409 2312 527 2376 villam
548 2314 591 2376 de
606 2311 703 2388 Ruil,
721 2314 836 2377 nobile
858 2313 1052 2391 castellum,
1074 2321 1110 2377 et
1131 2312 1215 2377 illud
1239 2317 1360 2382 cuneis

408 2412 615 2476 militaribus
631 2412 888 2492 circumcinxit;
911 2412 984 2490 sed,
1003 2412 1170 2476 machinis
1187 2413 1223 2476 in
1240 2415 1358 2479 orbem

407 2512 593 2594 dispositis,
611 2519 796 2593 antequam
817 2510 984 2575 insultum
1006 2510 1156 2594 aliquem
1178 2511 1360 2595 inciperet,

409 2610 584 2676 Robertus
602 2609 862 2675 filius-Walteri
878 2618 914 2673 et
929 2610 1057 2674 Saerus
1079 2610 1122 2674 de
1146 2610 1274 2690 Quinci
1296 2633 1359 2677 no·

407 2710 493 2775 biles
514 2711 577 2786 illi,
599 2713 724 2793 quibus
744 2711 850 2773 castri
872 2708 965 2772 illius
988 2710 1147 2773 custodia
1173 2712 1359 2778 commissa

405 2809 531 2886 suerat,
546 2804 677 2891 ²ipsum
693 2816 845 2872 castrum
860 2809 933 2889 regi
948 2808 1119 2890 integrum
1130 2809 1360 2890 tradiderunt,

406 2916 454 2985 ct,
467 2911 557 2972 sicut
572 2909 614 2971 de
626 2916 741 2972 castro
755 2907 816 2971 illo
832 2927 901 2971 non
918 2915 994 2970 erat
1011 2909 1181 2972 contritus
1197 2909 1358 2975 minimus

408 3007 557 3089 lapillus,
576 3006 626 3069 ita
643 3007 685 3069 de
706 3006 879 3088 capitibus
896 3006 1150 3070 defendentium
1171 3027 1239 3072 non
1256 3011 1359 3091 periit

408 3106 568 3168 minimus
597 3105 767 3187 capillus3
800 3104 891 3168 unde
913 3125 975 3168 rex
1003 3106 1215 3169 Francorum
1237 3117 1360 3173 contra

408 3222 468 3266 cos
482 3204 634 3284 graviter
651 3205 760 3268 iratus
777 3205 885 3287 jussit
899 3205 1047 3268 vinculis
1062 3205 1265 3268 arctissimis
1279 3208 1358 3271 illos

408 3302 599 3385 constringi
621 3312 657 3367 et
674 3303 764 3386 apud
784 3302 1033 3386 Compendium
1049 3306 1113 3367 sub
1127 3313 1226 3368 arcta
1242 3316 1360 3371 custo·

407 3402 465 3465 dia
487 3401 658 3484 deputari,
681 3403 738 3466 ubi
763 3403 911 3485 turpiter
926 3422 1036 3484 usque
1054 3402 1098 3466 ad
1116 3404 1357 3483 gravissimam

408 3501 675 3584 redemptionem
694 3508 774 3565 suut
789 3503 931 3565 detenti.
984 3501 1175 3566 Deficiente
1199 3503 1307 3584 igitur
1322 3507 1357 3568 in

409 3600 624 3665 Normannia
646 3610 680 3665 et
705 3602 741 3664 in
764 3601 842 3664 aliis
865 3601 966 3664 terris
986 3601 1225 3665 transmarinis
1248 3604 1359 3667 omni·

407 3699 509 3763 moda
532 3700 740 3776 defensione,
772 3720 834 3763 rex
872 3700 1085 3764 Francorum
1115 3719 1177 3783 per
1201 3702 1358 3767 diversas

408 3800 566 3880 regiones
588 3799 694 3863 libere
719 3806 754 3863 et
777 3799 850 3861 sine
873 3799 1146 3863 contradictione
1162 3799 1359 3867 discurrens

407 3898 551 3962 castella
574 3897 721 3980 plurima
742 3899 807 3961 sub
832 3918 895 3962 sua
918 3905 1091 3980 potestate
1114 3901 1266 3982 recepit3
1298 3903 1361 3965 ob-

407 3998 497 4061 sedit
529 3998 633 4061 etiam
662 4018 703 4062 oo
732 4006 884 4080 tempore
911 3998 1093 4062 castellum
1121 4000 1291 4080 optimum
1317 4001 1360 4065 dc

466 4118 596 4126 ,-

441 4161 551 4213 ¹lntereu
560 4179 604 4213 rex
615 4165 783 4228 Francorum]
800 4164 867 4225 Cog·
893 4181 919 4226 p.
931 4169 979 4224 ⁹⁸3
999 4164 1106 4225 Rigord,
1117 4164 1178 4215 xvii.
1190 4181 1217 4227 p.
1225 4171 1267 4216 56.

406 4233 519 4294 gcshalc,
543 4234 604 4284 llcc.
629 4235 675 4284 des
704 4236 773 4285 Hiet.
796 4235 867 4283 xviii.
929 4233 1053 4298 'Ipsam.]
1070 4232 1213 4284 ‘Eundem‘
1224 4237 1251 4285 in
1264 4237 1323 4288 MS.
