2970 5016
346 438 412 504 198
599 449 733 500 nouum
757 451 804 498 on
826 448 1035 498 wusuovsn

183 625 308 666 aona.
348 628 418 691 que
440 624 517 671 eam
540 605 576 669 iu
596 604 809 686 ‘supplicium
836 611 1016 682 aeternnm,
1041 603 1108 668 uisi
1129 622 1201 668 nox
1222 605 1299 671 Do·

183 674 301 765 ma
348 706 476 770 minioa
495 705 654 781 instaret,
669 704 705 766 iu
722 722 792 786 qua
814 703 907 767 ludis
925 703 1055 767 uostris
1070 703 1299 768 theatralibus

348 823 473 870 vacare
503 822 567 867 nos
599 807 737 884 oportet
761 810 799 866 et
824 802 1097 867 vehementiores
1123 804 1300 866 cruciatus

348 904 528 969 animabus
545 902 680 965 misens
692 901 888 982 adaugere.’
925 900 1084 984 Cumque
1101 901 1177 965 bare
1190 901 1301 965 dixis-

348 1010 414 1080 set,
436 1001 559 1066 defixit
579 1007 756 1082 aspectum
775 1000 980 1082 propensius
1004 1001 1042 1063 iu
1057 1000 1169 1063 virum
1194 1000 1300 1064 educ·

350 1109 422 1165 tum
442 1108 478 1165 et
497 1106 617 1163 sanato
643 1097 745 1175 dixit,
762 1097 872 1176 ‘Quis
893 1105 948 1162 est
967 1098 1115 1180 agrestis
1134 1099 1214 1176 iste,
1237 1100 1297 1180 qui

348 1207 420 1264 stat
436 1206 549 1263 tecum
558 1190 587 1260 l*
623 1195 689 1259 Cui
705 1201 858 1273 sanctus,
881 1190 1030 1260 ‘Nonne
1051 1197 1234 1278 cognoscis
1256 1197 1299 1260 il-

347 1299 418 1361 lum
430 1297 457 1360 t'
502 1296 547 1359 Et
572 1295 746 1372 daemon,‘
758 1290 865 1358 Hunc
888 1293 1060 1358 homiuem
1082 1295 1152 1359 vidi
1176 1296 1214 1359 in
1233 1295 1297 1360 Es-

348 1397 447 1460 sexia
457 1397 492 1458 in
502 1395 648 1458 eeclesia
663 1394 706 1456 de
718 1392 901 1471 Tidstuds,
915 1393 1054 1457 infesto
1070 1393 1299 1458 dedicationis

348 1493 527 1579 ejusdem!
562 1492 625 1557 Ait
644 1499 799 1568 sauctus,
815 1498 826 1526 ‘
840 1490 882 1554 ln
902 1492 999 1574 quali
1018 1491 1139 1557 babitu
1157 1493 1298 1557 ecclesi·

348 1613 404 1658 am
421 1594 598 1674 ingressus
612 1592 686 1655 esl’
717 1591 783 1654 ‘lu
797 1590 941 1667 habitu:
956 1590 1081 1674 inquit,
1095 1591 1295 1669 ‘muliebri3

348 1691 408 1756 sed
441 1709 518 1754 cum
549 1687 792 1773 processissem
822 1688 867 1751 ad
898 1690 1150 1772 baptisterium,
1176 1690 1297 1754 voleus

347 1791 478 1854 intrare
494 1788 698 1864 cancellum,
714 1788 837 1852 obvius
857 1787 941 1851 mibi
958 1787 1024 1851 fuit
1036 1788 1203 1852 diaconus
1219 1808 1298 1851 cum

348 1887 541 1972 aspersorio
561 1905 662 1969 aquae
682 1885 884 1962 benedictae,
909 1886 970 1968 qui
993 1905 1048 1949 me
1073 1885 1165 1949 illius
1195 1905 1297 1968 aquea

347 1988 531 2069 aspergine
553 1987 604 2049 ita
626 1985 884 2067 praecipitanter
907 1984 1085 2066 effugavit,
1107 1991 1148 2049 ut
1170 1985 1297 2050 clamo

347 2104 419 2149 rem
451 2086 611 2148 emittens
636 2083 763 2146 saltum
788 2083 926 2146 fecerim
949 2084 993 2146 ab
1016 2083 1163 2148 ecclesia
1186 2101 1296 2166 usque

347 2183 391 2246 sd
419 2189 569 2265 pratum,
594 2181 686 2262 quod
709 2181 780 2244 fere
801 2199 865 2263 per
884 2181 954 2245 duo
974 2181 1090 2246 stadia
1110 2183 1154 2245 ab
1175 2183 1296 2246 eadem

347 2280 494 2345 ecclesia
524 2287 578 2343 est
602 2278 824 2361 separatum:
868 2278 1074 2344 affirmabat
1099 2288 1215 2345 autom
1244 2282 1299 2346 vir

347 2379 406 2443 ille
423 2379 579 2454 eductus,
593 2377 653 2441 sed
669 2385 706 2442 et
719 2377 875 2460 plerique
897 2379 1184 2461 parochianorum
1207 2379 1297 2462 idip-

347 2497 422 2541 sum
448 2476 679 2554 testabantur,
699 2495 737 2540 se
751 2476 936 2541 clamorem
959 2478 1055 2541 illum
1071 2478 1222 2555 audisse,
1236 2479 1297 2542 sed

348 2592 489 2641 cauam
506 2575 644 2658 penitus
661 2574 851 2657 ignorasse.

549 2748 599 2811 Da
611 2747 696 2811 ladas
710 2743 911 2810 theatralibus
925 2745 1103 2810 monam

399 2869 467 2932 His
484 2869 535 2932 ita
551 2869 671 2950 gestis,
686 2875 827 2933 sanctus
842 2861 1030 2932 ¹Domnius
1045 2869 1090 2932 ad
1106 2868 1297 2934 daemonem

348 2968 410 3042 ait,
424 2973 434 3002 ‘
448 2967 621 3031 Volumus
645 2975 759 3031 tecum
776 2967 839 3044 ire,
863 2975 903 3031 nt
918 2966 1017 3032 ludos
1033 2975 1167 3032 vestros
1179 2969 1297 3033 videa·

347 3065 447 3129 mus!
487 3064 553 3128 Cui
571 3065 719 3143 daemon,
738 3065 797 3129 ‘Si
817 3084 951 3129 mecum
969 3067 1075 3130 vultis
1095 3067 1156 3143 ire,
1176 3076 1297 3132 cavete

348 3182 392 3226 ue
407 3171 579 3244 agrestem
602 3164 694 3227 bunc
712 3165 888 3229 vobiscum
908 3163 1102 3242 adducatis,
1120 3165 1193 3248 qui,
1217 3185 1297 3229 oum

348 3262 420 3325 suis
442 3261 597 3327 redditus
621 3271 725 3340 esset,
745 3269 844 3326 actus
860 3272 998 3327 nostros
1014 3282 1056 3326 ac
1070 3271 1204 3328 secreta
1220 3285 1297 3346 poe-

348 3378 470 3424 narum
495 3380 624 3441 genera
642 3362 735 3443 apud
753 3361 909 3426 viventes
928 3362 1106 3443 detegeret
1120 3369 1157 3426 et
1167 3364 1297 3427 multos

347 3478 369 3522 a
381 3459 508 3523 nostris
523 3461 685 3542 operibus
699 3461 900 3525 revocaret!
917 3459 982 3524 Cui
997 3466 1172 3538 sanctus,‘
1184 3461 1298 3527 Festi·

346 3566 470 3622 nautor
491 3559 651 3640 prooede,
670 3578 751 3622 nam
770 3577 836 3639 ego
858 3566 893 3623 et
914 3566 1055 3622 sanctus
1079 3558 1244 3624 Julianus
1263 3568 1298 3625 te

346 3652 543 3740 sequimur!
594 3657 817 3722 Praecedente
835 3657 954 3741 itaque
979 3657 1148 3736 daemone,
1174 3677 1299 3740 seque·

347 3757 473 3820 bantur
496 3757 621 3834 sancti,
647 3757 759 3821 virum
784 3756 882 3820 illum
910 3757 1072 3822 eductum
1100 3775 1220 3821 secum
1244 3758 1298 3822 la·

346 3862 458 3919 tenter
471 3853 690 3920 deducentes.
743 3855 977 3920 Perrexerunt
992 3874 1075 3937 ergo
1097 3856 1140 3919 ad
1158 3856 1298 3939 plagam

345 3954 593 4035 aquilonarem,
613 3956 713 4037 quasi
736 3963 887 4018 montem
905 3954 1121 4018 ascendendo
1132 3973 1142 4033 3
1167 3963 1202 4020 et
1218 3975 1298 4020 eece

599 4165 755 4229 'DomaisaJ
777 4163 941 4219 ‘Domioius‘
952 4167 979 4218 lu
991 4170 1048 4218 MS.
