2970 5016
461 451 605 528 'ruerus
628 480 899 530 ursaonmsuuz
1111 466 1156 530 85

200 633 436 717 profuderant,
455 635 639 699 salubriter
658 643 852 719 parcentes,
876 638 940 699 sub
963 637 1152 700 certamine
1163 647 1287 691 Alana

200 734 351 814 quinque
374 734 526 797 virorum
555 733 635 797 hinc
661 735 740 798 inde
771 734 1013 799 dirimerentur
1040 755 1154 817 quaes-

198 833 309 895 tiones
337 833 527 910 amborum,
552 834 808 898 considentibus
841 834 938 916 regni
969 835 1149 916 utriusque

199 931 410 1012 principibus
426 936 462 994 et
477 930 527 995 rei
544 940 707 996 eventum
722 933 1018 1014 exspectantibus
1028 933 1151 1012 donec,

200 1029 362 1093 conflictu
393 1030 590 1107 terminato,
623 1030 874 1114 adjudicarent,
901 1031 982 1114 quid
1012 1033 1150 1114 utrique

200 1148 321 1209 regum
350 1126 471 1191 cedere
504 1128 547 1196 de
571 1128 651 1212 jure
679 1128 827 1193 deberet.
881 1130 1021 1194 Placuit
1043 1151 1150 1213 supra

201 1226 340 1290 modum
366 1227 521 1307 provisio
545 1227 823 1310 istaAnglorum
852 1231 937 1311 regi,
965 1229 1149 1294 dummodo

201 1345 262 1388 rex
290 1325 503 1388 Francorum
536 1327 677 1406 quintus
709 1328 799 1390 inter
826 1345 909 1391 suos
933 1335 968 1391 et
990 1347 1054 1391 rex
1073 1326 1148 1390 An-

202 1424 336 1505 glorum
362 1423 480 1487 itidem
501 1425 591 1489 inter
615 1443 697 1488 suos
723 1424 865 1505 quintus
894 1434 1073 1507 appareat,
1098 1434 1148 1504 ut,

199 1523 349 1604 paritate
380 1530 522 1586 servata
549 1542 731 1605 corporum
762 1532 799 1587 et
830 1541 1015 1600 armorum,
1047 1543 1149 1606 aequa

198 1621 295 1687 lance
321 1621 533 1702 confligant3
558 1622 649 1705 quod
673 1641 736 1685 rex
763 1622 974 1686 Francorum
1002 1623 1039 1685 in
1066 1624 1147 1687 sub—

197 1721 435 1783 sannationem
452 1721 635 1785 multorum
650 1739 754 1802 agere
771 1722 956 1785 recusavit.
1009 1719 1079 1785 His
1098 1722 1148 1786 ita

199 1818 319 1900 gestis,
347 1819 577 1884 mediantibus
601 1820 685 1882 viris
706 1818 888 1901 religiosis
916 1828 1048 1901 treugae
1076 1827 1148 1884 sta-

197 1925 282 1982 tutae
310 1925 392 1980 sunt
415 1918 505 1981 inter
528 1937 628 1999 reges
652 1917 863 1981 Francorum
884 1925 920 1982 et
940 1918 1146 2001 Anglorum,

197 2015 256 2080 sed
286 2017 494 2080 commeatui
526 2016 782 2098 negotiatorum
810 2016 889 2080 hinc
925 2018 1005 2082 inde
1038 2017 1146 2080 inter-

198 2113 327 2179 dictum
343 2121 409 2178 est.
443 2170 446 2175 ,

289 2288 331 2353 Ut
347 2309 401 2352 ree
417 2288 599 2353 Richardus
608 2309 670 2373 per
683 2289 835 2374 Aeolium
851 2297 1059 2354 torneamento

591 2388 743 2452 notuerit.

248 2502 391 2574 Eodem¹
424 2518 578 2592 tempore
599 2530 662 2573 rex
696 2509 892 2574 Richardus
920 2508 956 2571 in
979 2508 1258 2609 Angliamffl‘„

199 2609 370 2671 transiens
404 2608 529 2672 statuit
564 2627 626 2691 per
660 2609 737 2672 loca
775 2615 871 2671 certa
905 2614 1143 2671 torneamenta
1157 2618 1260 2669 Euhad-

197 2707 281 2781 fieri,
304 2706 370 2769 lrac
392 2707 549 2772 fortassis
576 2707 737 2770 inductus
767 2706 913 2781 ratione,
947 2710 986 2767 ut
1015 2704 1142 2768 milites

195 2805 292 2886 regui
317 2804 469 2888 undique
496 2812 738 2869 concurrentes
763 2805 853 2868 vires
880 2820 964 2865 suas
985 2801 1085 2865 flexis
1107 2804 1143 2866 in

197 2923 319 2985 gyrum
344 2904 448 2966 frenis
473 2905 725 2986 experirentur,
747 2910 798 2979 ut,
821 2903 851 2964 si
873 2901 999 2965 bellum
1022 2901 1145 2965 adver-

196 3021 255 3064 sus
283 3002 395 3066 crucis
423 3003 579 3065 inimicos
602 3002 658 3066 vel
683 3003 786 3066 etiam
812 3000 976 3063 finitimos
1005 3019 1143 3063 movere

195 3100 421 3176 decreverint,
444 3100 605 3180 agiliores
639 3100 682 3164 ad
705 3099 863 3183 praelium
886 3106 929 3164 et¹
944 3099 1142 3162 exercitati-

195 3218 271 3261 ores
303 3198 535 3262 redderentur.
602 3197 671 3263 His
706 3199 810 3262 etiam
843 3197 962 3263 diebus
994 3194 1143 3261 Alexius

195 3296 346 3377 quidam,
370 3297 543 3360 Manuelis
571 3296 742 3378 quondam
767 3296 1142 3376 constantinopolitani

194 3395 411 3476 imperatoris
441 3395 544 3473 filius,
577 3395 795 3458 multitudine
829 3401 1038 3460 armatorum
1060 3412 1142 3457 con·

195 3501 352 3573 gregata,
371 3493 515 3571 Cursac,
532 3513 623 3558 nunc
640 3493 879 3574 imperatorem
897 3489 1142 3554 Constantino-

194 3590 398 3672 politanum,
424 3591 595 3656 hostiliter
623 3610 826 3673 aggressum
854 3586 947 3670 cepit
968 3594 1003 3650 et
1024 3607 1142 3651 excoe-

194 3690 298 3765 cavit,
321 3698 426 3771 atque
449 3690 588 3754 tandem
610 3689 857 3753 ementulatum
879 3692 1045 3768 perpetuo
1069 3705 1143 3753 car.-

194 3807 271 3856 cere
286 3787 466 3852 damnavit
481 3788 625 3872 ejusque
640 3788 820 3869 imperium
838 3783 1031 3867 occupavit.

222 4009 238 4130 1¹
246 4014 337 4131 {pigero
356 4008 484 4081 tmpore]
508 4012 668 4075 Newburglr,
685 4028 709 4063 v.
729 4009 788 4076 §t;
812 4008 945 4070 Hoveden,
969 4005 1020 4055 and
1042 4005 1142 4068 Diceto,

191 4097 240 4131 co.
300 4117 308 4133 .
