2970 5016
458 474 597 523 anonas
621 475 887 525 araroarsaun.
1102 464 1145 526 71

196 627 347 789 Ιυὲἓῃᾱο
373 647 561 711 aggressus
591 631 705 707 fuerit,
738 631 815 695 aliis
847 631 1057 696 narrandum
1087 632 1280 696 de-r.n.1us.

195 746 233 789 re
284 745 365 808 quo.

197 892 347 973 &mnodo
363 894 532 978 inperator
549 913 646 979 repom
659 895 858 961 Rielordmn
877 898 912 961 in
931 896 1037 962 ambis
1052 920 1143 963 aceo·

280 991 407 1068 munit,
422 999 451 1056 et
464 991 609 1076 quomodo
624 1013 677 1056 rec
684 994 859 1077 pmdeater
873 995 1069 1079 maudoit.

246 1103 456 1193 Imperator¹
476 1119 593 1175 autem
614 1112 740 1178 iratum
758 1115 910 1179 animum
932 1133 974 1178 ac
993 1114 1140 1179 ferocem
1153 1137 1277 1188 mesmes

195 1215 317 1272 contra
338 1228 454 1289 regem
476 1208 607 1272 diutins
632 1211 816 1293 praeferens
838 1212 1036 1276 nullatenus
1061 1233 1138 1277 eum
1151 1186 1296 1293 ι’ἓῖὖιῗΨ

194 1307 231 1371 in
260 1308 446 1388 praeseutia
474 1325 540 1370 sua
563 1327 754 1373 convocare
783 1310 839 1373 vel
866 1310 996 1391 alloqui
1019 1312 1140 1392 digna.
1152 1285 1251 1325 ΝΜ

195 1405 309 1481 batur,
332 1405 414 1486 quia
431 1404 544 1487 ipsum
565 1405 601 1468 iu
623 1405 779 1486 pluribus
799 1415 921 1471 contra
942 1426 980 1470 se
1000 1414 1035 1471 et
1056 1427 1139 1472 suos

194 1501 348 1583 graviter
384 1501 569 1583 deliquisse
607 1510 816 1584 conquestus
849 1511 914 1580 est,
947 1504 1138 1569 calumnias

194 1598 322 1663 multas
355 1598 465 1663 eidem
491 1600 567 1680 regri
594 1601 819 1681 praetendens.
871 1601 1026 1664 Tandem
1058 1602 1140 1667 binc

193 1696 272 1760 inda
293 1697 523 1761 mediantibus
540 1698 671 1774 amicis,
689 1706 724 1761 et
740 1692 931 1780 'praecipue
950 1698 1137 1775 N.,Cluni-

193 1795 311 1857 acensi
327 1795 465 1871 abbate,
479 1801 515 1858 et
529 1793 718 1871 Willelmo,
735 1797 826 1877 regis
842 1795 1059 1873 cancellario,
1075 1798 1136 1859 im-

193 1898 343 1974 perator,
360 1893 559 1957 convocatis
580 1894 764 1975 episcopis,
786 1894 931 1956 ducibus
954 1901 988 1957 et
1003 1895 1136 1957 comiti-

193 1989 259 2052 bus
280 1990 365 2066 suis,
388 2009 505 2071 regem
531 1991 569 2053 in
598 1991 819 2072 praesentiam
847 2010 944 2054 suam
975 1993 1135 2056 accersiri

187 2085 308 2168 jussit,
329 2106 476 2169 eumque
499 2088 535 2151 iu
561 2088 717 2169 pluribus
744 2089 899 2152 articulis
921 2108 1037 2153 coram
1061 2109 1134 2154 om·

192 2184 293 2247 uibus
317 2185 506 2249 accusavit.
558 2185 602 2249 ln
629 2185 760 2268 primis,
788 2186 932 2264 scilicet,
959 2188 1050 2269 quod
1074 2208 1136 2269 per

193 2281 268 2364 ejus
299 2283 481 2347 consilium
511 2290 548 2346 et
574 2283 743 2346 auxilium
772 2304 917 2366 regnum
944 2285 1070 2349 Siciliae
1099 2294 1135 2350 et

193 2378 345 2461 Apuliae,
369 2380 462 2462 quod
488 2381 555 2443 sibi
582 2380 662 2462 jure
693 2381 911 2447 haereditario
936 2383 1135 2460 debebatur,

192 2475 354 2542 defuncto
376 2497 458 2558 rege
473 2477 662 2555 Willelmo,
681 2480 856 2559 amiserit3
884 2500 947 2562 pro
967 2500 1036 2563 quo
1061 2481 1135 2544 adi·

192 2574 355 2655 piscando
377 2576 567 2640 exercitum
596 2578 858 2658 permaximum,
884 2578 967 2641 data
990 2580 1135 2660 pecunia

192 2672 338 2749 infinita,
354 2673 581 2749 conduxerat,
598 2692 676 2737 cum
693 2675 784 2738 idem
799 2694 861 2738 rex
881 2674 947 2738 sibi
965 2675 1134 2738 auxilium

193 2771 427 2851 praestiturum
457 2770 604 2834 fideliter
637 2771 890 2853 spopondisset,
918 2780 958 2835 ut
988 2791 1011 2836 a
1039 2772 1135 2835 Tan·

192 2868 294 2932 credo
313 2888 458 2949 regnum
480 2868 566 2931 illud
588 2869 770 2932 obtineret.
824 2868 957 2931 Deinde
972 2876 1136 2933 causatur

193 2964 235 3029 de
248 2967 456 3047 imperatore
469 2965 589 3048 Cypri,
604 2967 664 3048 qui
686 2967 718 3030 ei
739 2965 907 3030 affinitate
929 2967 1135 3050 conjunctus

191 3062 317 3139 fuerat,
339 3063 432 3145 quod
457 3082 534 3127 eum
559 3064 689 3146 injuste
713 3066 757 3128 ab
776 3066 920 3146 imperio
942 3065 1081 3147 ejecerit
1100 3072 1135 3129 et

193 3161 358 3225 carcerali
385 3161 552 3224 custodiae
582 3161 812 3243 deputaverit,
843 3170 879 3227 et
905 3169 1031 3226 terram
1059 3163 1135 3245 ejus

192 3277 270 3322 cum
285 3257 456 3322 thesauris
471 3258 641 3322 violenter
658 3260 826 3323 invaserit
844 3266 879 3323 et
898 3260 1046 3323 insulam
1062 3262 1134 3325 cui·

192 3354 273 3419 dam
295 3357 408 3420 alieno
430 3356 632 3421 vendiderit.
679 3356 905 3420 Postmodum
922 3377 1003 3421 vero
1022 3358 1135 3438 ipsum

192 3453 369 3517 accusavit
389 3453 432 3516 de
455 3461 566 3518 morte
587 3453 760 3518 marchisii
783 3455 826 3518 de
849 3453 1135 3518 Monte-Ferrato

192 3548 338 3614 haeredis
357 3551 424 3627 sui,
446 3552 538 3633 quod
554 3551 714 3616 videlicet
733 3572 795 3633 per
815 3552 890 3634 ejus
907 3550 1136 3632 proditionem

191 3655 226 3710 et
253 3647 541 3711 machinationem
569 3643 631 3711 ³ab
655 3648 823 3712 Assisinis
849 3656 1045 3730 peremptus
1069 3648 1136 3726 sit;

190 3764 278 3826 quos
299 3745 402 3808 etiam
420 3747 562 3809 miserat
579 3746 623 3809 ad
645 3746 878 3833 perimendum
896 3765 1011 3827 regem
1028 3746 1138 3808 Fran-

191 3861 308 3905 corum
342 3843 515 3906 dominum
545 3862 657 3918 suum,
691 3845 747 3907 cui
774 3843 904 3906 nullam
936 3843 1136 3906 fidelitatem

227 3987 405 4053 'Imperator.]
423 3991 590 4052 Goggesbale,
602 3994 650 4041 col.
677 3993 758 4054 duta]
775 3993 927 4052 ‘Precipue
944 3993 1035 4040 abbate
1050 3991 1137 4040 Cluni-

191 4062 255 4118 ⁸⁸⁸⁵
272 4073 389 4119 mmmm
401 4059 533 4123 Hmdffl'
544 4076 570 4122 μ’
582 4065 639 4110 ⁷²⁵⁹
676 4057 922 4188 Quadfflao]
939 4126 997 4175 ‘ab
1010 4127 1110 4176 asim
1120 4124 1136 4155 ·’

225 4191 369 4257 'Proeeipvs
383 4197 428 4256 N„
441 4196 597 4245 cluniacensi
610 4196 651 4245 ab·
681 4198 711 4245 C.
901 4160 909 4176 ⁰
1119 4161 1127 4187 ’
