2970 5016
451 469 592 518 rnonus
615 469 886 520 nrsrormsusr.
1079 451 1144 522 127

191 645 317 710 panem
333 646 435 691 suum
453 627 629 691 multoties
646 627 883 708 mendicante3
900 628 973 704 sed,
988 623 1068 691 cum
1084 648 1144 692 nu·
1158 647 1213 687 nn.
1224 649 1281 687 uos

190 746 253 808 per
274 726 318 789 de
340 732 451 789 morte
467 726 621 808 episcopi
636 725 907 790 conventrensis
925 727 1064 790 nuntios
1087 728 1146 790 de-

191 825 362 888 sideratos
392 823 594 906 accepisset,
622 825 814 889 exaltatum
844 833 898 889 est
922 845 983 889 cor
1007 825 1082 909 ejus
1108 826 1143 889 iu

194 923 357 999 Domino,
373 924 433 1004 qui
449 923 561 985 datin
575 940 613 986 se
633 925 853 1005 sperantibus
871 931 906 986 et
919 943 1145 1005 perseverun-

193 1029 248 1085 ter
264 1021 447 1103 agentibus
462 1022 665 1086 bonitatem.
704 1022 862 1100 Quodam
881 1042 963 1086 vero
984 1023 1051 1099 die,
1067 1042 1144 1085 cum

195 1120 420 1183 Innocentius
448 1138 542 1201 papa
569 1138 680 1201 nuper
701 1130 840 1186 creatus
858 1140 936 1184 cum
961 1121 1145 1184 cardinali-

117 1236 121 1242 ·
194 1219 260 1282 bus
276 1217 349 1282 suis
362 1218 399 1281 in
414 1215 619 1282 consistorio
634 1219 781 1296 sederet,
803 1220 993 1283 monachus
1015 1239 1145 1283 memo·

195 1324 293 1381 ratus
311 1317 477 1381 audacter
498 1316 655 1398 prorupit
672 1318 709 1380 in
727 1318 877 1382 medium
894 1326 929 1380 et
945 1318 1145 1399 petitionem

194 1417 250 1479 sui
279 1416 409 1497 negotii
440 1414 676 1478 indicatricem
705 1434 807 1497 papee
830 1417 1008 1497 porrexit3
1042 1435 1146 1498 quam

196 1534 274 1579 eum
305 1514 365 1577 ille
396 1514 612 1597 perlegisset,
640 1513 867 1577 incontinenti
898 1514 1066 1577 monacho
1093 1534 1147 1577 re·

194 1613 346 1695 spondit,
361 1618 372 1647 ‘
386 1613 522 1689 Frater,
544 1632 657 1677 nonne
679 1612 748 1676 ista
767 1612 891 1694 petitio
913 1631 935 1675 a
956 1611 1147 1694 praedeces·

194 1712 331 1775 soribus
345 1712 473 1775 nostris
489 1711 668 1774 Clemente
685 1718 720 1774 et
735 1710 923 1776 Caelestino
946 1710 1074 1792 saepius
1092 1732 1146 1774 re·

196 1811 298 1893 pulsa
323 1817 389 1887 est,
421 1829 475 1872 me
504 1809 664 1873 audiente
690 1817 726 1873 et
751 1810 913 1890 vidente3
945 1817 980 1873 et
1007 1817 1057 1886 tu,
1086 1809 1147 1891 qui

197 1909 276 1972 illos
293 1927 362 1972 non
383 1908 540 1990 potuisti,
560 1926 615 1970 me
635 1907 735 1990 quasi
755 1909 900 1972 delirum
921 1909 976 1972 vis
1000 1909 1146 1971 circum-

196 2006 359 2072 venire'l’
384 2013 420 2070 et
447 2005 558 2069 iratus
582 2005 932 2090 adjunxit,‘Recede
954 1999 1074 2082 frater,
1097 2026 1147 2069 re-

197 2106 292 2182 cede,
306 2112 399 2169 certe
413 2105 565 2170 inaniter
578 2105 634 2168 hic
648 2103 855 2187 exspectas.'
879 2105 1074 2170 Monachus
1086 2124 1148 2168 au-

199 2212 268 2268 tem
290 2203 366 2267 hoec
388 2204 532 2268 audiens
554 2218 631 2267 cum
653 2204 840 2287 lachrymis
856 2204 1080 2268 amarissimis
1095 2224 1147 2267 re·

197 2303 371 2385 spondens
384 2303 447 2379 ait,
461 2307 472 2336 ‘
486 2301 593 2365 Pater
608 2310 739 2379 sancte,
752 2303 874 2386 petitio
890 2322 968 2367 mea
978 2302 1078 2387 justa
1094 2310 1148 2366 est

197 2408 235 2465 et
250 2402 389 2465 omuino
405 2401 563 2477 honesta,
572 2408 608 2465 et
622 2399 700 2465 ideo
718 2402 869 2466 inaniter
883 2421 953 2465 non
968 2409 1145 2483 exspecto.

199 2500 377 2583 Exspecto
386 2499 476 2563 enim
486 2506 630 2563 mortem
641 2508 804 2577 vestram,
818 2501 908 2564 sicut
921 2500 987 2564 feci
1000 2507 1147 2564 mortem

199 2607 456 2662 antecessorum
484 2604 701 2678 vestrorum
735 2596 889 2662 succedit
918 2598 1008 2662 enim
1035 2598 1147 2674 vobis,

199 2698 259 2780 qui
275 2698 476 2780 petitionem
489 2715 600 2759 meam
612 2697 777 2762 exaudiet
786 2716 864 2760 cum
876 2696 1023 2760 effectu.’
1048 2695 1148 2777 Papa

201 2816 284 2860 vero
318 2796 394 2860 heac
426 2794 571 2859 audiens
599 2802 635 2858 et
666 2814 773 2877 supra
797 2813 901 2877 quam
936 2793 1003 2856 dici
1032 2801 1148 2876 potest

201 2895 376 2958 admirans
408 2893 646 2956 adsidentibus
687 2893 752 2958 sibi
784 2893 1016 2956 cardinalibus
1046 2892 1148 2969 dixit,

200 2993 354 3058 ‘Nonne
371 2991 531 3066 audistis,
545 2991 629 3073 quid
645 2991 804 3056 diabolus
827 2993 893 3056 iste
910 2991 1025 3056 dixitt
1075 2990 1147 3054 Ex·

202 3099 335 3175 specto,
358 3091 482 3173 inquit,
505 3098 651 3154 mortem
669 3099 834 3170 vestram,
856 3092 947 3155 sicut
969 3090 1034 3153 feci
1055 3109 1148 3153 mor·

202 3198 271 3254 tem
285 3198 543 3254 antecessorum
562 3188 777 3254 vestrorum.’
827 3190 874 3253 Et
895 3208 1083 3254 conversus
1105 3187 1149 3253 ad

202 3290 407 3353 monachum
437 3288 500 3365 ait,
531 3288 689 3367 ‘Frater,
721 3308 783 3371 per
819 3295 977 3353 sanctum
1006 3288 1150 3352 Petrum

201 3398 348 3453 mortem
370 3406 481 3451 meam
502 3406 572 3450 non
594 3387 650 3449 hic
668 3389 898 3470 exspectabis,
913 3386 1079 3452 exaudita
1097 3394 1151 3451 est

202 3488 294 3551 enim
308 3486 431 3568 petitio
447 3483 532 3548 tua.'
582 3485 630 3548 Et
645 3487 822 3565 continuo,
835 3495 1023 3569 antequam
1035 3485 1149 3548 cibum

200 3593 354 3649 sumeret
369 3602 473 3667 papa,
484 3582 657 3657 Huberto.
668 3583 910 3650 Cantuariensi
924 3582 1153 3666 archiepisco·

201 3704 259 3767 po,
272 3684 367 3747 dedit
382 3684 420 3746 in
430 3681 615 3760 mandatis,
630 3690 670 3746 ut
687 3685 862 3761 continuo,
872 3684 957 3749 visis
971 3682 1094 3757 literis,
1108 3681 1152 3744 ad

201 3782 383 3846 ecclesiam
404 3780 699 3845 conventrensem
718 3781 945 3865 personaliter
964 3779 1153 3855 accederet,

202 3888 250 3957 et,
264 3881 421 3963 expulsis
435 3880 582 3958 clericis,
596 3881 782 3944 monachos
798 3879 989 3945 investiret.
1027 3878 1153 3960 Sicque

203 3979 486 4063 archiepiscopus
510 3986 733 4056 memoratus,
761 3980 887 4044 amotis
909 3977 1042 4042 clericis
1066 3997 1155 4059 prae·

202 4078 297 4154 satis,
316 4078 441 4143 summi
462 4078 637 4161 pontificis
660 4079 868 4144 auctoritate
890 4077 1073 4141 roboratus
1095 4075 1154 4138 de·

203 4178 293 4242 cimo
321 4179 445 4261 quinto
476 4177 644 4242 kalendas
677 4177 857 4244 Februarii
889 4176 1076 4241 monachos
1103 4176 1155 4239 in·
