2970 5016
454 490 595 538 rnonss
620 489 890 540 ursronmnum
1081 480 1148 544 235

191 648 283 730 quod
306 666 442 711 summa
467 655 615 713 extortae
638 649 793 729 pecuniae
819 649 1015 713 excrevisse
1038 648 1148 713 fertur
1161 668 1283 708 nomo.

192 747 236 811 ad
251 755 391 811 centum
402 745 511 810 millia
525 747 690 810 librarum
704 746 965 829 sterlingorum
983 747 1147 830 albique

193 867 260 928 que
293 846 453 910 monachi
485 845 528 909 de
560 864 668 927 regno
693 845 845 927 Angliae,
876 847 954 910 aliis
977 850 1147 929 exceptis,

192 938 441 1028 quadraginta¹
459 945 569 1008 millia
585 944 692 1008 libras
709 947 845 1026 argenti
859 947 895 1008 in
909 946 973 1009 hoc
991 946 1146 1028 tallagio,

193 1045 324 1108 vellent
345 1045 489 1120 nollent,
515 1044 662 1108 cassatis
691 1045 894 1126 privilegiis
919 1046 993 1126 regi
1017 1047 1148 1127 persol-

193 1152 330 1208 verunt.
382 1143 514 1207 Eodem
535 1151 689 1223 tempore
707 1137 896 1221 ²Matildis,
919 1144 1061 1208 loemina
1086 1165 1147 1210 no-

193 1242 273 1307 bilis
288 1251 324 1306 et
342 1262 432 1305 uxor
446 1241 614 1306 Willelmi
628 1243 671 1305 de
686 1243 847 1320 Brausia,
865 1251 901 1307 et
911 1243 1002 1306 lilius
1018 1242 1094 1327 ejus
1111 1251 1147 1308 et

194 1342 304 1405 haeres
320 1340 530 1419 willelmus
547 1349 583 1405 et
593 1362 684 1405 uxor
694 1341 847 1426 ejusdem
857 1341 1036 1420 Willelmi,
1054 1343 1145 1425 apud

194 1440 455 1505 windleshores
470 1442 636 1504 carcerali
650 1441 817 1504 custodiae
826 1442 995 1523 deputati,
1001 1442 1147 1525 jubente

196 1540 392 1622 Anglorum
408 1560 502 1621 rege,
519 1539 609 1603 fame
627 1540 814 1622 perierunt.

273 1713 315 1777 Ut
329 1735 383 1777 rea
396 1714 570 1800 duplorum
585 1736 666 1800 repes
684 1715 851 1780 Walleoses
863 1714 1083 1802 soljaqaoru.

247 1836 351 1902 Anno
381 1840 506 1919 gratiae
537 1855 666 1902 uccxr.
699 1858 760 1902 rex
789 1838 984 1921 Anglorum
1012 1839 1147 1904 Johan-
1161 1861 1216 1900 an.
1228 1862 1283 1901 1211.

196 1955 257 1999 nes
277 1936 341 2001 fuit
359 1937 403 2000 ad
424 1938 540 2001 natale
557 1938 699 2001 Domini
719 1938 811 2020 apud
830 1939 1036 2017 Eboracum,
1058 1959 1147 2020 prae·
1160 1911 1290 2000 mliii

197 2037 351 2098 sentibus
388 2038 571 2101 comitibus
603 2045 639 2100 et
673 2036 860 2100 baronibus
894 2040 1003 2120 regni.
1067 2038 1148 2117 Quo

195 2135 299 2197 etiarn
328 2155 420 2198 anno
444 2136 535 2198 idem
562 2155 637 2212 rex,
661 2136 752 2218 apud
774 2129 916 2199 ³Album
943 2138 1147 2202 monasteri·

196 2253 252 2296 um
276 2253 403 2315 magno
421 2235 576 2299 exercitu
599 2243 822 2317 congregato,
841 2235 1016 2317 proiectus
1038 2244 1092 2300 est
1111 2237 1148 2299 in

197 2331 361 2396 Walliam
389 2340 514 2397 octavo
544 2333 621 2397 idus
653 2333 752 2411 Julii,
785 2335 845 2397 ubi
879 2336 914 2398 in
947 2335 1147 2400 fortitudine

195 2433 294 2511 gravi
317 2426 474 2496 *walliae
493 2433 659 2496 interiora
677 2433 892 2514 perlustrans
918 2435 960 2497 ad
986 2434 1147 2498 Snaudu·

197 2548 276 2593 nam
294 2550 403 2613 usque
427 2532 532 2595 obvia
553 2533 619 2594 sibi
641 2551 789 2614 quaeque
812 2533 1020 2596 conterendo
1043 2553 1147 2614 pene·

196 2631 316 2706 travit,
343 2650 444 2712 reges
478 2649 597 2694 omnes
629 2638 665 2694 et
689 2631 822 2694 nobiles
847 2630 923 2694 sine
952 2631 1146 2695 contradic·

197 2729 290 2793 tione
325 2730 538 2813 subjugavit,
572 2729 614 2792 de
650 2729 865 2812 subjectione
901 2729 936 2792 in
969 2737 1147 2812 posterum

196 2827 333 2891 obsides
350 2829 473 2909 viginti
492 2835 572 2892 octo
596 2830 769 2911 suscepit;
795 2848 837 2891 ac
863 2827 942 2892 inde
966 2848 1044 2892 cum
1069 2849 1148 2911 pro·

196 2928 364 3008 speritate
391 2928 427 2990 in
457 2927 512 2990 die
540 2927 788 3010 assumptionis
810 2928 922 2991 heatae
949 2928 1074 2991 Mariae
1103 2928 1146 2991 ad

195 3024 325 3088 Album
348 3027 594 3090 monasterium
617 3028 794 3104 remeavit,
817 3029 1029 3110 veniensque
1054 3027 1146 3109 apud

198 3123 233 3187 N
235 3125 498 3209 orhamptonam
516 3126 655 3190 nuntios
672 3125 801 3191 domini
816 3144 916 3209 papae
932 3126 1058 3190 ibidem
1068 3146 1147 3190 cum

196 3225 369 3289 mandatis
385 3225 585 3306 apostolicis
608 3226 730 3289 obvios
746 3226 879 3302 habuit,
903 3226 1148 3309 Pandulphum

197 3323 357 3388 videlicet
386 3324 635 3388 subdiaconum
661 3333 696 3389 et
718 3324 809 3388 sedis
837 3325 1038 3407 apostolicae
1071 3346 1147 3389 cer·

196 3421 358 3499 dinalem,
387 3442 428 3486 ae
463 3423 505 3486 de
537 3423 660 3488 militia
688 3423 825 3506 Templi
847 3424 987 3488 fratrom
1010 3424 1149 3488 Duran-

232 3619 512 3684 ¹Quodrugintsssilliu
526 3622 602 3671 libas
617 3639 659 3670 ur·
683 3623 796 3686 ‘Litera,
828 3638 879 3684 qua
915 3623 1002 3671 ordino
1031 3627 1149 3671 narratur

194 3691 288 3754 genti]
313 3692 367 3740 The
388 3692 486 3740 Annsls
505 3691 534 3741 oi
550 3692 659 3754 Margan
684 3707 759 3754 quiam
783 3693 848 3741 male
871 3708 898 3741 se
920 3696 1033 3754 gesserat
1050 3693 1150 3741 Willel·

196 3760 289 3809 reduce
301 3761 352 3809 this
365 3775 423 3810 sum
438 3766 464 3810 to
474 3766 659 3822 twenty-seven
685 3777 742 3810 mus
757 3763 789 3811 de
807 3757 918 3822 Braose,‘
936 3761 1035 3823 printed
1051 3761 1077 3809 in
1096 3761 1149 3823 Ry-

195 3830 322 3878 thousaud
334 3830 429 3880 marks.
685 3846 747 3891 mer,
757 3846 783 3892 p.
796 3835 853 3880 107.

230 3896 397 3966 matidis]
420 3899 474 3948 The
492 3900 661 3949 communica·
719 3898 827 3950 ’Albam
843 3893 1036 3966 monasterium]
1057 3899 1149 3949 Blune-

195 3968 326 4017 tionsthat
336 3984 404 4017 were
422 3969 496 4018 made
513 3969 547 4030 by
559 3969 663 4018 himself
685 3971 798 4033 minster,
806 3969 1012 4030 orWhitchuroh,
1021 3970 1048 4017 in
1056 3968 1149 4031 Shrop·

196 4038 259 4086 with
284 4038 327 4087 the
350 4039 409 4086 wile
437 4039 467 4087 of
490 4039 603 4087 william
628 4039 660 4087 de
684 4040 760 4088 shire.

196 4106 307 4168 Brause,
315 4109 459 4170 respecting
467 4108 510 4156 the
522 4109 584 4157 fines
596 4109 660 4157 tobe
721 4107 730 4135 ⁴
740 4109 838 4157 Wullioe
849 4107 965 4155 interiora
975 4108 1148 4171 perlustrans]

196 4177 515 4236 paid‚&c.aredetai1ed
529 4183 557 4226 at
574 4179 661 4240 length
686 4179 811 4239 Compare
837 4178 1006 4238 Coggeshsle,
1031 4194 1057 4238 p.
1082 4181 1147 4237 ¹⁰⁵3

196 4247 228 4306 by
250 4247 318 4295 John
340 4249 367 4296 in
389 4263 405 4296 a
432 4248 531 4296 charter
554 4247 662 4309 innuen,
688 4247 780 4297 horrui.
795 4247 942 4307 walerio.
956 4250 1010 4295 1⁷2.
