2970 5016
446 488 586 538 neonus
610 476 1144 542 armoricanum

192 651 269 714 dem
293 648 389 713 exitu
413 649 511 713 vario
534 649 680 715 afflictos
708 653 886 734 conspexi,
910 670 1055 733 quorum
1084 653 1143 716 alii
1156 663 1282 753 A¹³1d¹⁹⁶

193 749 358 831 episcopi,
383 748 443 811 alii
467 749 611 812 abbates
632 748 785 828 suerunt,
811 751 909 814 alii'
900 770 936 815 ιιι
965 751 1144 832 dignitati·
1155 714 1315 853 ‘Qu‘

194 849 257 911 bus
271 847 438 924 diversis3
462 847 629 929 quidam
619 868 656 910 ιιι
673 848 765 912 clero
767 849 954 932 ,quidam
945 871 981 913 m
996 851 1144 913 seculari

192 946 279 1024 soro,
302 945 467 1058 quidam
458 964 494 1008 m
516 945 692 1026 claustr03
716 966 803 1029 quos
826 967 955 1026 omnes,
976 957 1143 1032 quantum

192 1046 227 1109 in
257 1046 330 1110 vita
363 1044 470 1127 priori
504 1044 692 1108 minoribus
718 1045 855 1110 fuerant
879 1046 1046 1111 honorum
1073 1048 1145 1110 sof-

194 1143 272 1207 sulti
303 1143 505 1226 privilegiis,
536 1151 672 1207 tantum
705 1143 784 1207 illos
816 1147 929 1228 poenis
959 1146 1145 1210 levioribus

194 1244 348 1307 visebam
368 1241 534 1306 addictos.
587 1242 631 1305 In
648 1243 796 1307 veritate
814 1244 903 1320 dico,
920 1245 1012 1327 quod
1033 1246 1146 1328 speci·

194 1342 241 1405 ali
256 1340 405 1424 quadam
422 1341 610 1405 acerbitate
627 1361 809 1423 poenarum
829 1345 1052 1424 praecaeteris
1069 1345 1145 1408 uni-

195 1460 313 1504 versos
337 1441 418 1523 angi
441 1440 701 1522 perspiciebam,
724 1461 812 1523 quos
835 1441 972 1524 judices
1000 1442 1146 1506 aliorum

195 1539 250 1603 vel
283 1541 446 1621 praelatos
478 1546 597 1603 nostra
628 1546 731 1603 aetate
762 1559 926 1605 noveram
957 1541 1145 1605 exstitisse.

198 1637 357 1720 Longum
388 1638 490 1701 nimis
521 1645 625 1714 esset,
658 1637 741 1719 quid
773 1638 903 1721 singuli
939 1639 1147 1703 meruissent

198 1736 324 1819 quidve
347 1745 558 1820 paterentur,
594 1737 675 1800 licet
708 1737 773 1801 hoc
800 1737 884 1801 mihi
915 1737 958 1800 de
988 1737 1148 1803 omnibus

195 1835 284 1900 soret
302 1837 526 1919 conspicuum
543 1854 737 1918 exponere3
760 1836 819 1899 sed
836 1837 935 1900 testis
953 1837 1036 1899 mihi
1050 1837 1146 1900 Deus

196 1943 261 2013 est,
288 1934 379 2019 quod
407 1936 436 1998 si
465 1935 674 2018 quempiam,
698 1935 758 2018 qui
786 1954 904 1998 omnes
928 1955 1027 1999 caros
1052 1955 1147 1999 meos

196 2042 230 2098 et
252 2035 438 2098 carnaliter
465 2033 594 2097 amicos
622 2032 816 2111 occidisset,
842 2035 969 2098 talibus
996 2035 1147 2098 viderem

195 2134 375 2216 suppliciis
393 2132 610 2214 deputatum,
630 2132 766 2209 millien,
787 2133 817 2196 si
838 2133 911 2196 fieri
933 2140 1063 2216 posset,
1083 2153 1147 2216 pro

194 2233 270 2315 ejus
299 2233 475 2314 ereptione
503 2238 648 2295 mortem
674 2232 883 2313 susciperem
910 2233 1148 2315 temporalem,

195 2332 369 2414 praecipue
389 2350 468 2394 cum
490 2330 617 2405 omnia,
632 2348 711 2412 quae
730 2330 778 2393 ibi
798 2330 952 2413 poenalia
973 2338 1067 2408 sunt,
1085 2332 1149 2394 do-

194 2429 278 2494 loris
298 2437 334 2494 et
354 2430 537 2510 angustiae,
564 2428 803 2493 amaritudinis
831 2438 867 2495 et
889 2431 1048 2508 miseriae,
1074 2450 1149 2495 mo·

194 2529 274 2593 dum
291 2528 461 2595 excedant
476 2535 512 2591 et
528 2527 747 2591 mensuram?

264 2704 314 2766 De
327 2700 455 2767 amado
465 2701 588 2786 penali
603 2700 665 2766 loco
674 2701 859 2787 parqotorii
873 2710 902 2766 et
910 2721 1079 2786 poenorum

590 2800 751 2864 ramucio.

241 2925 454 3007 ‘Postquam
466 2925 530 2988 hoc
545 2924 683 3006 poenale
695 2922 917 2987 transivimus
933 2922 1148 3001 exercitium,

197 3043 263 3104 ego
283 3031 319 3089 et
335 3024 408 3086 dux
431 3043 528 3088 meus
546 3043 591 3087 ex
610 3032 809 3088 transverso
832 3022 1148 3105 praetermeavimus

196 3122 309 3198 illaesi,
327 3123 416 3187 sicut
436 3132 472 3187 et
488 3123 575 3186 alios
596 3122 682 3186 fines
703 3122 938 3200 tormentales,
958 3141 1044 3202 quos
1061 3120 1148 3185 inse·

197 3222 269 3283 rius
294 3222 502 3286 memorabo.
566 3220 654 3285 Post
683 3221 774 3284 hunc
801 3221 908 3303 igitur
930 3221 974 3285 ad
1001 3223 1148 3285 alterum

197 3319 396 3383 devenimus
420 3320 534 3384 locum
557 3326 825 3399 tormentorum3
848 3340 946 3384 mons
969 3322 1060 3383 enim
1085 3340 1149 3383 nu·

197 3419 297 3482 bibus
313 3418 399 3501 ipsis
415 3419 617 3484 celsitudine
634 3438 699 3481 sua
717 3438 816 3500 paene
832 3420 1016 3500 contiguus
1034 3419 1149 3481 locum

198 3517 460 3583 disterminabat
483 3526 681 3599 utrumque,
704 3517 803 3600 cujus
822 3537 885 3581 nos
903 3518 992 3600 juga
1009 3523 1080 3579 tam
1098 3516 1151 3578 fa-

197 3616 255 3680 cili
277 3636 398 3698 gressu
423 3617 653 3698 transegimus
677 3635 780 3699 quam
801 3616 924 3679 veloci.
974 3614 1060 3678 Erat
1083 3615 1149 3676 ita-

197 3734 263 3797 que
286 3717 350 3779 sub
375 3724 507 3780 remoto
533 3715 659 3780 montis
681 3715 791 3798 ipsius
814 3715 922 3778 latere
944 3713 1045 3776 vallis
1069 3732 1149 3794 pro-

196 3814 401 3877 fundissima
424 3823 459 3879 et
485 3816 678 3892 tenebrosa,
703 3815 909 3879 altrinsecus
932 3813 1067 3895 rupium
1089 3811 1149 3894 ju·

196 3913 251 3994 gis
267 3914 547 3977 eminentissimis
570 3915 695 3991 cincta,
719 3913 818 3997 cujus
841 3911 1058 3977 latitudinem
1075 3910 1149 3972 nul·

195 4011 263 4074 lius
290 4021 472 4094 superaret
496 4020 686 4095 aspectus3
717 4014 787 4074 ima
812 4012 912 4075 vallis
941 4010 1063 4093 ipsine,
1086 4008 1150 4071 flu-

196 4111 291 4174 vium
323 4130 369 4174 an
403 4120 565 4195 stagnum
597 4111 727 4185 nescio,
759 4108 983 4191 amplitudine
1012 4109 1151 4172 tenebat

197 4210 403 4274 latissimum
427 4219 463 4276 et
486 4211 663 4276 teterrimo
687 4208 790 4272 latice
818 4206 1035 4287 horrendum,
1059 4208 1152 4290 quod
