2970 5016
460 471 599 518 ruouas
624 472 892 523 ursroarauuu.
1084 462 1150 526 aa>

196 625 350 688 ecclesiis
376 626 662 690 conventualibus
686 649 748 710 per
769 636 878 694 totam
902 629 1066 714 Angliam
1092 652 1147 697 so·
1161 650 1284 690 annm.

197 725 356 788 lemniter
376 725 592 806 publicantes
611 727 724 809 ipsum
748 729 899 793 facerent
922 732 967 794 ab
989 732 1146 795 omnibns

197 823 327 887 arctius
343 825 478 889 evitari.
531 825 598 889 Sed
615 846 693 890 cum
710 828 863 910 episcopi
873 830 949 913 jam
965 829 1049 893 dicti
1064 850 1147 896 con·

197 921 361 986 fratribus
392 924 476 1001 suis,
498 925 557 1006 qui
586 925 622 988 in
644 925 775 1008 Anglia
803 938 1051 1006 remanserant,
1073 932 1146 1012 epi-

196 1023 323 1104 scopis,
346 1023 491 1105 aliisque
512 1024 735 1089 ecclesiarum
759 1027 925 1107 praelatis,
942 1029 1146 1108 publicatio·

196 1141 273 1184 nem
301 1123 481 1186 sententiae
511 1125 719 1188 auctoritate
745 1125 936 1206 apostolica
958 1128 1147 1191 commisis-

195 1229 285 1298 sent,
308 1221 420 1285 effecti
441 1232 524 1287 sunt
543 1223 696 1286 universi
719 1232 813 1288 metu
835 1225 931 1306 regio
949 1225 1005 1289 vel
1026 1225 1146 1291 savore
1242 1273 1249 1285 .

198 1339 302 1384 canes
330 1322 416 1383 muti
445 1341 512 1384 non
539 1322 708 1386 audentes
729 1321 869 1399 latrare,
898 1323 989 1386 unde
1013 1325 1146 1407 injunc-

198 1427 270 1481 tum
288 1419 354 1482 sibi
377 1417 524 1482 officium
550 1423 695 1503 exsequi
715 1421 971 1486 dissimulantes
990 1423 1025 1485 in
1050 1443 1147 1487 man-

196 1517 288 1580 datis
307 1518 508 1600 apostolicis
527 1519 714 1583 secundum
728 1520 818 1603 juris
837 1520 987 1584 ordinem
1007 1522 1145 1587 minime

196 1625 446 1697 processerunt.
508 1617 745 1682 Veruntamen
777 1619 949 1683 sententia
980 1620 1014 1682 in
1049 1623 1145 1685 brevi

197 1714 291 1778 sacta
315 1717 473 1780 omnibus
498 1717 680 1781 notissima
698 1717 734 1779 in
756 1717 822 1780 viis
850 1725 885 1782 et
907 1719 1044 1801 plateis,
1068 1740 1144 1785 nec·

197 1815 323 1877 nonin
348 1814 425 1877 aliis
452 1815 627 1879 bominum
656 1817 918 1894 conventiculis,
944 1819 1145 1883 confabula-

196 1914 290 1976 tione
321 1913 402 1977 licet
428 1915 660 1979 secretissima
691 1916 844 1979 omnium
877 1936 940 1980 ora
971 1918 1143 1999 replevit3

196 2013 286 2077 inter
302 2032 390 2093 quos
412 2032 491 2076 cum
513 2014 568 2078 die
588 2014 737 2096 quodam
760 2015 894 2079 sederet
915 2017 1007 2098 apud
1025 2016 1143 2081 West·

197 2112 441 2175 monasterium
470 2112 514 2176 ad
536 2115 747 2178 scaccarium
768 2113 972 2192 Gaufridus,
994 2115 1143 2181 archidi-

197 2228 327 2274 aconns
357 2209 604 2289 Norwicensis,
633 2214 737 2295 regiis
767 2214 949 2277 intendens
982 2215 1143 2297 negotiis,

196 2311 302 2391 coepit
317 2311 484 2374 secretius
501 2313 722 2376 sermocinari
740 2332 818 2375 cum
840 2313 943 2376 sociis
960 2315 1032 2376 suis
1050 2314 1143 2379 adsi·

195 2409 353 2474 dentibus
372 2409 414 2472 de
433 2411 608 2474 sententia
628 2412 661 2474 in
686 2430 801 2493 regem
823 2410 907 2488 lata,
925 2411 1055 2490 dicens,
1074 2433 1141 2477 non

194 2527 270 2572 esse
292 2515 405 2572 tutum
427 2509 511 2573 viris
543 2509 756 2573 beneficiatis
788 2510 823 2571 in
855 2511 1020 2592 obsequio
1051 2514 1142 2593 regis

193 2609 482 2672 excommunicati
504 2609 649 2672 ulterius
671 2608 865 2687 immorari;
889 2615 936 2684 et,
959 2609 1012 2672 his
1029 2609 1143 2687 dictis,

193 2706 237 2770 ad
267 2707 407 2788 propria
437 2728 506 2771 non
536 2707 733 2771 licentiatus
760 2708 912 2771 recessit.
973 2707 1039 2770 Sed
1064 2728 1142 2771 cum

193 2812 273 2887 post
300 2806 478 2888 paululum
506 2827 560 2883 ea,
586 2827 663 2889 quae
694 2807 786 2871 facta
811 2806 961 2881 fuerant,
984 2806 1026 2869 ad
1051 2807 1143 2888 regis

193 2904 349 2968 notitiam
384 2906 634 2988 pervenissent,
663 2926 731 2969 non
761 2906 978 2969 mediocriter
1008 2914 1143 2987 pertur-

192 3005 296 3067 batus
318 3006 413 3069 misit
429 3004 640 3069 Willelmum
660 3005 808 3069 Talebot
828 3004 969 3068 militem
987 3025 1065 3068 cnm
1087 3023 1144 3068 ar-

191 3111 288 3169 mata
314 3123 430 3180 manu,
452 3104 512 3185 qui
540 3106 653 3187 ipsum
685 3103 963 3168 archidiaconum
989 3123 1144 3186 compre-

191 3201 334 3266 hensum
365 3211 401 3266 et
424 3203 571 3267 vinculis
602 3203 799 3286 asperrimis
829 3204 1052 3267 constrictum
1077 3205 1143 3267 sub

193 3301 358 3365 carcerali
374 3302 532 3365 custodia
548 3303 779 3380 recluserunt3
798 3302 857 3366 ubi
875 3310 955 3384 post
970 3302 1044 3366 dies
1058 3322 1144 3384 pau·

192 3419 265 3477 coe,
291 3420 372 3482 rege
394 3401 541 3482 praefato
559 3401 717 3485 jubente,
739 3420 827 3483 capa
856 3401 999 3464 indutus
1027 3401 1140 3483 plum·

191 3501 270 3575 bea,
298 3508 368 3563 tam
392 3500 594 3564 victualium
617 3501 761 3582 penuria
786 3519 890 3582 quarn
913 3499 1022 3580 ipsius
1045 3517 1142 3579 capae

190 3598 450 3681 ponderositate
467 3618 685 3681 compressus
702 3599 865 3680 migravit
881 3596 925 3660 ad
942 3596 1141 3661 Dominum.
1261 3672 1266 3679 Ι

232 3771 283 3833 Do
297 3768 435 3835 coatia
449 3770 567 3856 iniquae
580 3770 726 3856 nupturi
739 3767 919 3834 Abcondn'
934 3765 1098 3852 maiora.

244 3897 397 3979 Ingessit
418 3917 457 3961 se
479 3895 545 3962 hac
567 3896 743 3960 interdicti
762 3901 970 3977 tempestate
990 3890 1143 3956 consiliis
1158 3912 1279 3956 namur

192 3997 297 4078 regiis
314 3995 629 4080 pseudotbeologus
645 3994 798 4078 quidam,
814 3994 979 4075 magister
990 3990 1143 4054 Alexan·
1157 3965 1254 4055 effl-

191 4096 265 4172 der,
274 4096 389 4160 dictus
403 4096 666 4170 caementarius,
677 4094 737 4175 qui
751 4093 822 4155 suis
836 4092 964 4173 iniquis
980 4089 1146 4173 praedica·

192 4196 346 4261 tionibus
367 4213 482 4275 regem
509 4214 576 4258 non
601 4192 817 4258 mediocriter
839 4189 882 4253 ad
906 4190 1145 4255 crudelitatem
