2970 5016
343 451 409 515 100
598 466 731 513 nocant
756 465 804 511 un
826 462 1033 511 wnunovnn

183 636 241 679 aa
251 635 308 674 rus
346 618 534 682 matutinas
570 618 672 699 signa
711 615 945 699 pulsarentur,
980 614 1056 696 ipse
1088 610 1185 675 nullo
1212 629 1299 673 usus

183 688 262 826 ἴω
242 685 596 831 11ἶωιιιιιιιειιιιιιιιιιιιιιιι
623 716 803 780 ecclesiam
827 714 925 790 adiit,
948 721 996 789 et,
1020 712 1113 794 quod
1137 708 1295 773 undecim

347 817 516 879 mensium
542 816 657 897 spatio
685 822 789 878 antea
816 832 887 876 non
915 812 1056 886 lecerat,
1076 808 1257 873 chorum
1247 828 1301 870 rn-

348 934 488 996 gressus
502 921 568 977 est.
614 913 656 979 In
679 912 831 977 crastino
853 918 983 986 autem,
1005 908 1131 972 divinis
1152 909 1219 971 rite
1241 925 1298 970 ce-

348 1014 490 1077 lebratis
505 1012 691 1094 obsequiis,
709 1029 817 1075 sacrae
840 1006 1089 1074 communionis
1111 1005 1299 1090 participa·

349 1112 444 1177 tione
459 1111 583 1175 meruit
600 1111 764 1192 saginari.

423 1281 466 1345 Ut
479 1280 642 1346 eumelus
648 1280 806 1366 prefatos
819 1280 976 1356 eleimon,
993 1299 1086 1365 quom
1101 1276 1235 1356 viderat,

728 1378 919 1443 reeehroerit.

403 1503 472 1567 His
502 1504 553 1568 ita
584 1504 705 1585 gestis,
732 1503 824 1567 idem
853 1502 962 1566 irater
992 1500 1154 1583 religiosa
1182 1518 1303 1564 mona·

352 1603 493 1667 chorum
516 1601 747 1666 sollicitudine
772 1602 976 1685 propensius
991 1601 1215 1677 convenitur3
1239 1599 1303 1661 ob·

353 1703 470 1769 nixius
483 1700 691 1784 postulatur,
713 1707 753 1763 ut
774 1718 853 1782 qnae
875 1700 941 1763 sibi
963 1699 1145 1763 dormienti
1167 1696 1303 1763 accide-

354 1808 444 1878 rant,
470 1807 506 1864 et
530 1818 608 1882 quae
630 1798 777 1874 viderat,
806 1797 1044 1863 aedificationis
1076 1797 1191 1878 gratia
1219 1796 1302 1859 inti-

354 1905 475 1976 maret,
499 1898 608 1962 multa
630 1898 720 1961 enim
742 1897 809 1961 sibi
830 1904 971 1962 ostensa
993 1895 1099 1959 fuisse
1121 1915 1167 1958 ex
1191 1895 1303 1976 signis

354 1997 582 2073 evidentibus,
599 2016 677 2078 quse
689 1995 856 2072 viderant,
872 1995 1117 2076 intelligentes
1143 1994 1202 2077 qui
1227 2013 1304 2058 ver·

354 2096 400 2158 ba
426 2096 501 2178 ejus
532 2094 805 2176 expergiscentis
837 2093 947 2177 pridie
975 2094 1157 2157 audierant
1186 2100 1221 2156 et
1251 2091 1304 2155 la·

354 2192 514 2274 cbrymas
546 2192 621 2275 ejus
649 2192 881 2257 indesinentes
906 2191 1083 2257 videbant.
1135 2190 1215 2269 Quo
1242 2192 1304 2255 ali-

354 2291 517 2374 quamdiu
542 2309 579 2354 se
599 2290 770 2354 iacturum
795 2290 1043 2369 dissimulante,
1066 2310 1143 2354 cum
1167 2289 1218 2353 illi
1242 2309 1304 2372 pe·

354 2390 459 2455 tendo
476 2389 697 2454 vehementer
720 2390 903 2468 instarent,
924 2409 1003 2472 quae
1026 2389 1169 2453 inferius
1192 2387 1306 2469 diges-

356 2498 393 2553 ta
408 2496 502 2566 sunt,
518 2488 739 2552 influentibus
756 2488 891 2572 jugiter
913 2488 1098 2572 lachrymis
1120 2494 1155 2553 et
1172 2487 1305 2568 gemitu

357 2608 475 2653 vocem
492 2587 644 2655 crebrius
658 2587 872 2663 absorbente,
889 2588 1055 2651 narravit.
1107 2585 1239 2663 ‘Gum,'
1250 2587 1303 2647 in-

356 2689 444 2770 quit,
458 2687 575 2770 ‘gravi
598 2694 633 2750 et
650 2686 798 2768 prolixa,
812 2687 902 2750 sicut
918 2685 1067 2763 vidistis,
1080 2685 1233 2767 corporis
1251 2686 1305 2748 in-

356 2786 519 2851 firmitate
546 2785 736 2861 deficerem,
766 2793 801 2848 et
825 2783 1011 2849 Dominum
1039 2805 1097 2848 ore
1124 2803 1165 2846 ac
1193 2791 1308 2847 mente

357 2885 592 2949 benedicerem
624 2885 824 2966 gratiasque
850 2883 901 2947 illi
931 2883 1105 2961 referrem,
1131 2883 1222 2965 quod
1249 2902 1304 2945 me

357 2983 535 3064 indignum
572 2981 737 3045 famulum
780 2990 925 3065 patemo
958 2983 1099 3046 verbere
1133 2982 1306 3064 castigare

357 3080 570 3159 dignaretur,
599 3080 793 3162 postposita
830 3082 923 3145 omui
952 3099 1014 3162 spe
1046 3081 1224 3163 sospitatis
1255 3100 1308 3144 re·

357 3177 576 3259 cuperandae,
608 3179 711 3259 coepi,
744 3187 848 3261 prout
880 3180 990 3262 potui,
1021 3181 1189 3261 meipsum
1219 3199 1307 3261 prae-

357 3294 492 3358 parare,
515 3295 584 3357 quo
603 3276 706 3339 citius
726 3277 834 3341 futuri
853 3277 961 3341 seculi
983 3277 1200 3342 calamitates
1221 3297 1305 3342 eva-

358 3373 472 3438 derem
494 3373 576 3437 dum
599 3393 708 3437 essem
736 3396 755 3440 e
781 3395 923 3457 corpore
950 3375 1159 3441 evocandus.
1211 3376 1306 3440 Dum

357 3471 432 3537 boec
453 3493 586 3536 mecum
613 3473 754 3538 sedulus
779 3493 930 3555 agerem,
954 3475 1058 3539 incidi
1081 3476 1118 3537 in
1142 3476 1308 3539 tentatio·

358 3590 448 3648 nem,
481 3579 522 3635 ut
554 3572 740 3636 Dominum
771 3572 981 3654 postularem
1014 3581 1184 3655 quatenus
1224 3573 1308 3637 mihi

359 3689 574 3752 quocumque
596 3670 698 3734 modo
720 3671 874 3734 revelare
897 3672 1099 3753 dignaretur
1116 3671 1229 3754 qualis
1254 3692 1308 3736 es-

357 3774 411 3831 set
431 3768 539 3831 futuri
568 3769 673 3832 seculi
699 3776 825 3844 status,
847 3789 926 3852 quae
948 3772 1141 3835 animarum
1164 3771 1207 3834 ‹le
1230 3790 1307 3836 cor·

357 3884 440 3946 pore
454 3875 693 3948 exemptarum
708 3867 892 3949 posthanc
908 3870 1015 3933 vitam
1031 3871 1120 3934 foret
1135 3870 1307 3949 conditio;

358 3971 541 4044 qnatenus,
557 3965 610 4028 bis
628 3966 788 4044 cognitis,
804 3966 966 4048 liquidius
976 3968 1213 4049 dignoscerem
1224 3968 1307 4049 quid

357 4061 439 4127 mibi
457 4063 493 4127 in
510 4064 618 4142 brevi,
633 4072 672 4128 ut
689 4066 867 4146 putabam,
881 4066 1072 4148 migraturo
1086 4067 1309 4149 sperandum,

357 4159 439 4238 quid
464 4163 684 4226 metuendum
707 4164 883 4243 existeret,
907 4174 946 4229 ut
967 4167 1108 4249 perinde
1130 4168 1167 4230 in
1190 4185 1308 4230 amore
