2970 5016
345 458 412 524 352
493 498 499 509 -
600 470 734 520 nocant
759 472 806 519 na
830 469 1036 519 wannovrn

183 645 241 685 Δ-υ.
252 645 308 685 ¹21⁶-
347 630 455 693 creati
483 636 520 692 et
544 626 674 692 Christi
700 628 837 690 nomine
863 625 1040 707 insigniti3
1071 624 1162 688 alios
1184 624 1221 687 in
1241 624 1297 688 tri·

346 727 494 810 podibus
507 735 542 791 et
557 727 733 791 craticulis
752 745 857 809 super
879 725 1065 789 candentes
1086 741 1220 806 prunas
1239 742 1296 805 ap·

347 826 529 908 plicantes,
555 845 596 889 ac
624 826 761 888 demum
784 823 820 888 in
848 843 941 906 aqua
967 822 1153 903 congelata
1183 832 1296 886 assata

347 944 494 1007 corpora
523 924 738 1001 balneantes,
763 923 896 987 animas
926 921 1091 986 exhalare
1123 922 1296 1003 compule-

348 1032 441 1099 runt,
463 1031 510 1099 et,
525 1022 606 1086 dnm
629 1023 664 1085 in
683 1022 838 1085 cruciatu
854 1021 1043 1087 clamarent
1057 1020 1297 1084 miserabiliter

348 1130 384 1186 et
400 1129 577 1203 gemerent
594 1121 803 1186 horribiliter
818 1139 891 1202 proe
908 1119 1014 1183 nimia
1035 1137 1221 1200 poenarum
1241 1139 1298 1183 an-

348 1221 466 1301 gustia
489 1221 616 1297 miseri,
644 1219 800 1283 nonfuit
825 1220 886 1300 qui
905 1217 1178 1282 misericordiam
1203 1217 1296 1281 adbi-

348 1319 457 1394 beret,
480 1337 542 1382 nec
566 1326 714 1382 tortores
734 1318 829 1382 aliud
849 1318 893 1380 ab
918 1318 967 1380 eis
987 1335 1092 1398 quam
1116 1318 1296 1398 pecuniam

348 1417 546 1499 exigebant.
599 1417 716 1494 Multi,
730 1417 790 1498 qui
813 1423 982 1479 terrenam
1003 1414 1204 1480 habuerunt
1219 1417 1297 1478 sub·

348 1516 703 1593 stantiam,dederunt
720 1534 795 1579 eam
813 1514 1001 1578 tortoribus
1009 1514 1095 1589 suis,
1107 1532 1171 1577 nec
1183 1515 1298 1578 crede·

348 1615 451 1677 batur
474 1615 524 1678 eis
550 1634 626 1678 cum
651 1614 767 1678 omnia
793 1612 1043 1690 contulissent;
1071 1611 1145 1687 alii,
1167 1613 1229 1694 qui
1252 1613 1297 1676 nil

350 1711 535 1789 habebant,
551 1712 662 1776 multa
686 1712 946 1794 promittebant,
969 1717 1009 1773 ut
1025 1711 1075 1772 sic
1099 1711 1225 1774 saltem
1241 1732 1299 1793 per

348 1811 499 1892 spatium
517 1812 681 1893 temporis
700 1811 940 1874 brevissimum
957 1816 1105 1890 experta
1125 1809 1299 1874 differrent

348 1909 531 1991 supplicia.
584 1909 673 1973 Haec
691 1909 757 1972 suit
773 1910 808 1972 in
827 1908 956 1988 Anglia
978 1908 1173 1989 persecutio
1198 1927 1298 1989 geue·

348 2007 443 2084 ralis,
466 2009 546 2072 dum
573 2017 690 2090 patres
706 2028 728 2071 a
744 2008 835 2084 filiis,
852 2007 975 2069 fratres
986 2005 1198 2083 afratribus,
1209 2008 1296 2070 cives

348 2123 370 2167 a
387 2107 529 2183 civibus,
558 2107 602 2169 ad
627 2105 797 2188 supplicia
824 2104 1069 2169 vendebantur.
1125 2104 1297 2168 Nundinae

347 2222 425 2266 cum
442 2204 670 2266 mercimoniis
684 2206 878 2280 cessabant,
895 2222 950 2266 res
964 2202 1104 2266 venales
1121 2204 1157 2266 in
1174 2223 1297 2267 coeme·

348 2301 444 2365 teriis
471 2303 685 2382 agebantur3
717 2303 929 2383 agricultura
954 2302 1097 2383 quierit,
1123 2321 1186 2365 nec
1210 2303 1299 2384 quis-

348 2417 450 2481 quam
469 2400 690 2464 ecclesiarum
705 2401 832 2464 limites
846 2400 963 2482 egredi
976 2419 1083 2463 ausus
1099 2408 1187 2464 erat.
1242 2401 1297 2464 In·

349 2506 402 2562 ter
418 2497 492 2562 haec
511 2500 638 2576 omnia,
655 2519 734 2581 quae
750 2500 937 2562 baronibus
955 2498 1204 2574 inserebantur,
1222 2519 1298 2563 con·

349 2598 446 2674 vitia,
463 2597 630 2680 jacebant
651 2599 718 2680 ipsi
734 2598 770 2660 in
789 2590 889 2661 ¹villa
908 2595 1167 2660 Londoniarum
1182 2598 1298 2661 mulie·

349 2715 424 2758 rum
446 2716 541 2760 more
562 2696 839 2778 parturientium,
864 2695 1011 2758 sollicite
1036 2695 1235 2775 cogitantes
1258 2695 1297 2758 de

348 2795 486 2857 cibariis
509 2803 544 2858 et
560 2794 705 2877 poculis,
723 2794 753 2856 si
768 2795 851 2875 quid
866 2795 916 2857 eis
931 2800 1167 2876 apponeretur
1183 2794 1298 2856 insoli-

349 2900 434 2969 tum,
458 2893 549 2975 quod
572 2894 710 2957 sublato
731 2892 870 2955 fastidio
892 2892 961 2955 illis
983 2911 1111 2955 novum
1136 2893 1298 2956 tribueret

349 2990 563 3072 appetitum3
588 2991 660 3066 sed,
676 2991 744 3054 illis
761 2990 1022 3064 dormientibus,
1045 3009 1108 3052 rex
1132 3010 1202 3054 non
1224 2990 1297 3054 dor-

348 3088 459 3163 mivit,
477 3089 558 3151 dum
577 3097 688 3152 terras
711 3108 826 3152 eorum
852 3096 887 3152 et
909 3089 1147 3171 possessiones
1169 3109 1297 3166 omnes,

348 3193 463 3251 castra
487 3194 523 3250 et
548 3188 745 3269 municipia,
776 3207 797 3250 a
825 3188 912 3250 mari
940 3186 1085 3250 australi
1116 3207 1228 3270 usque
1255 3188 1297 3251 ed

348 3278 460 3348 mare²
474 3285 647 3350 scoticum
662 3287 698 3349 in
714 3305 810 3349 suam
827 3293 1036 3369 potestatem
1051 3286 1192 3369 recepit.

404 3466 520 3546 Qailas
536 3490 589 3532 rac
605 3478 708 3533 castra
723 3467 871 3544 tradidit,
886 3490 951 3552 qua
965 3489 1064 3553 nuper
1077 3468 1245 3554 alapam.

399 3581 556 3665 Cumque
574 3603 648 3660 rex,
665 3590 704 3646 ut
717 3583 846 3647 dictum
864 3594 929 3660 est,
945 3584 988 3647 de
1005 3584 1108 3647 rebus
1131 3584 1298 3648 baronum

287 3694 411 3763 ¹⁰pro
439 3682 539 3745 libitu
573 3701 637 3745 suo
664 3682 902 3764 disposuisset,
924 3690 1034 3746 totam
1057 3690 1185 3745 terram
1211 3684 1300 3746 inter

348 3779 474 3842 fiumen
498 3779 624 3843 Theise
651 3788 686 3844 et
706 3781 858 3844 Scotiam
886 3800 964 3844 cum
992 3782 1095 3843 rebus
1120 3789 1157 3845 et
1178 3782 1300 3845 castris

347 3878 489 3942 tradidit
506 3878 650 3960 Hugoni
668 3878 710 3941 de
729 3879 868 3942 Bailliol
884 3886 919 3942 et
937 3879 1100 3961 Philippo
1120 3879 1165 3942 de
1190 3878 1300 3942 Hale-

347 3985 455 4053 cotes,
479 3977 667 4059 assignatis
690 3977 760 4040 illis
775 3978 941 4042 militibus
955 3985 990 4041 et
1006 3979 1163 4054 armatis,
1181 3979 1239 4059 qui
1256 3978 1298 4040 ad

382 4126 468 4176 'Villa
485 4122 696 4197 humbram]
721 4128 810 4176 ‘Urbe
835 4142 921 4176 cesses
943 4128 1088 4177 committed
1109 4129 1142 4190 by
1161 4091 1297 4178 iolla-add

346 4195 506 4244 londini'ln
520 4198 550 4247 C.
836 4196 877 4246 his
898 4212 969 4258 army
992 4198 1019 4246 in
1040 4198 1161 4246 Scotland
1183 4211 1297 4260 compat

382 4261 471 4314 'Mare
482 4265 635 4328 Sectam]
653 4266 703 4314 l'or
713 4265 755 4314 the
767 4279 811 4314 ex·
837 4266 941 4316 Meiros.
954 4265 1047 4317 ebron.
1059 4281 1086 4328 p.
1096 4270 1152 4328 lae,
1164 4281 1228 4332 seqq.
