2970 5016
395 481 533 531 ruonss
557 482 828 532 ursroamanu
1014 466 1081 533 209

126 634 229 712 bunc,
252 638 346 721 quia,
371 639 437 703 nisi
458 639 561 704 citius
582 639 745 703 reductus
767 638 882 716 luerit,
905 659 998 722 aqua
1017 638 1078 704 fri·
1063 648 1214 749 'ffiffssl

126 734 220 815 gida,
236 756 339 819 quam
363 738 398 802 in
416 758 456 802 os
479 739 556 822 ejus
574 738 781 802 adstantes
772 738 913 822 injicere
929 740 1077 804 moliun·
1090 749 1192 789 Τιιιιιι-

126 843 194 910 tur,
211 835 324 917 ipsum
342 856 387 900 ex
404 843 478 901 tote
495 837 713 916 suffocabit;
735 845 782 913 et,
797 837 850 900 bis
867 837 982 915 dictis,
996 859 1079 904 con·

126 933 235 1012 tinne,
258 955 327 1017 quo
354 936 474 999 ordine
498 937 667 1012 nesciens,
693 936 737 1000 ad
766 956 892 1019 corpus
914 938 1078 1002 reductus

127 1032 162 1094 in
184 1041 299 1098 stratu
321 1054 385 1099 sue
402 1035 541 1100 resedit.
592 1035 616 1098 J
619 1045 761 1100 acuerat
780 1042 896 1099 autem
913 1035 948 1098 in
963 1043 1077 1101 stratu

126 1150 202 1207 suo,
219 1134 320 1215 quasi
337 1134 373 1198 in
390 1153 535 1198 excessu
553 1135 690 1210 mentis,
706 1133 841 1198 duobus
860 1134 982 1198 diebus
997 1155 1076 1199 cum

127 1230 270 1294 totidem
303 1234 474 1309 noctibus,
514 1232 548 1295 id
582 1242 648 1309 est,
681 1233 725 1295 ab
761 1232 848 1297 hora
878 1235 1076 1316 vespertina

125 1337 236 1394 sextae
258 1328 353 1394 feriae
382 1331 561 1412 usquead
588 1346 767 1414 vesperam
790 1331 981 1397 Dominicae
1007 1333 1076 1397 diei

125 1430 313 1510 sequentis,
333 1430 430 1495 velut
452 1431 551 1512 gravi
574 1449 699 1513 sopore
721 1429 915 1511 depressus.
968 1431 1075 1495 Mane

125 1527 293 1609 siquidem
311 1528 417 1606 facto,
434 1528 476 1592 ad
499 1529 680 1592 ecclesiam
701 1530 922 1611 properabat,
944 1536 1076 1612 etpost

125 1627 240 1691 missae
269 1628 532 1692 celebrationem
559 1626 771 1691 sollicitabat
791 1647 869 1691 eum
895 1630 1078 1711 presbyter

125 1745 203 1789 cum
226 1726 305 1789 aliis
323 1727 555 1810 parochianis,
573 1726 633 1809 qui
653 1726 750 1789 illum
769 1726 864 1790 velut
881 1727 1074 1790 exanimem

125 1824 230 1907 paulo
259 1832 340 1889 ante
366 1825 535 1901 viderant,
566 1832 605 1888 ut
634 1843 687 1901 ea,
716 1844 794 1906 quae
823 1826 890 1889 sibi
919 1825 1075 1890 revelata

126 1922 276 2000 fuerant,
293 1924 362 1987 illis
376 1924 573 2002 intimaret3
596 1922 654 1987 ille
671 1943 753 1986 vere
771 1944 844 2006 prae
867 1923 973 1987 nimia
994 1925 1077 1988 sim-

125 2022 282 2105 plicitate
310 2022 477 2088 visionem
511 2021 638 2086 referre
679 2021 930 2098 dissimulabat,
966 2022 1077 2089 donec

127 2130 228 2186 nocte
242 2122 400 2206 sequenti
416 2129 557 2186 sanctus
572 2121 736 2185 Julianus
753 2140 924 2204 apparens
940 2122 972 2185 ei
989 2143 1079 2205 prae-

125 2222 229 2303 cepit,
243 2230 283 2285 ut
306 2222 422 2285 omnia
438 2240 516 2304 quae
534 2221 669 2286 viderat
686 2221 825 2296 revelet,
845 2222 928 2303 quia
948 2221 991 2284 ad
1010 2221 1078 2286 boc

125 2319 270 2384 eductus
287 2318 412 2396 suerat,
432 2327 473 2384 ut
492 2338 545 2396 ea,
569 2338 648 2400 quae
671 2319 840 2396 audierat,
861 2319 1075 2403 publicaret;

125 2419 186 2501 qui
209 2418 317 2501 jussis
344 2419 457 2483 sancti
482 2419 735 2501 obtemperans,
761 2418 797 2480 in
830 2417 886 2481 die
912 2418 1075 2482 Omnium

125 2524 322 2581 sanctorum
351 2524 388 2581 et
412 2516 586 2599 deinceps,
615 2516 783 2581 visionem
814 2523 1015 2580 constanter
1041 2525 1077 2580 et

126 2623 246 2699 aperte
259 2616 381 2698 lingua
395 2614 557 2698 Anglica,
575 2616 710 2679 eunctis
728 2614 948 2679 audientibus
963 2622 996 2678 et
1014 2615 1075 2678 ad·

125 2715 332 2779 mirantibus
365 2714 539 2779 insolitam
562 2715 628 2777 viri
651 2713 895 2796 eloquentiam,
919 2714 1076 2796 [enarra-

126 2814 206 2895 vit,]
232 2834 310 2878 cum
336 2821 440 2878 antea
463 2832 534 2896 prae
558 2813 664 2877 nimia
689 2811 911 2894 simplicitate
932 2811 1077 2875 rustica-

125 2933 192 2976 nus
214 2932 351 2995 semper
370 2913 548 2976 exstiterit
560 2923 595 2976 et
616 2911 788 2993 elinguis3
815 2931 878 2975 nee
902 2911 997 2993 prius
1018 2911 1078 2974 de-

126 3011 216 3077 stitit
231 3013 275 3076 ab
298 3012 463 3093 inspectae
479 3011 624 3075 visionis
642 3011 840 3075 narratione
855 3010 964 3074 donec
985 3010 1076 3073 mul-

127 3118 182 3175 tos
203 3111 248 3175 ad
267 3111 420 3174 lamenta
443 3117 479 3174 et
498 3111 620 3191 gravia
642 3110 792 3192 suspiria
807 3110 1002 3174 commovit.

162 3284 205 3349 Ut
221 3283 411 3368 Gaasridas,
428 3281 632 3347 Eboraceasic
645 3282 901 3368 archiepiscopus,
915 3281 1043 3346 esiliam

529 3380 669 3445 salaria

175 3503 280 3570 Anno
305 3504 430 3586 gratiae
456 3519 595 3567 uccvu.
630 3523 692 3566 rex
715 3503 895 3567 Jobannes
924 3503 1060 3567 celebra
1089 3515 1241 3616 ῗιὴιῃιὲἔωᾱ

126 3605 179 3670 vit
195 3602 312 3667 natale
331 3602 473 3665 Domini
493 3602 585 3684 apud
601 3602 829 3678 Wintoniam,
847 3602 1113 3703 praesentibusm
1089 3614 1171 3703 ιιιηιο11
1144 3664 1203 3703 oa

127 3702 349 3831 magnatilbus
364 3701 472 3782 regni.
514 3700 670 3764 Deinde
660 3721 696 3763 ιιι
711 3699 950 3782 purificatione
965 3675 1113 3764 beataem
1089 3714 1123 3753 οι
1125 3714 1177 3753 ιιι

127 3793 284 3866 Mariae¹
291 3801 385 3882 cepit
410 3819 472 3882 per
494 3807 603 3864 totam
631 3798 795 3879 Angliam
822 3799 960 3862 tertiam
985 3798 1077 3862 deci-

163 3970 258 4036 ¹Cepit
275 4008 283 4023 .
302 4008 309 4023 .
328 4008 335 4024 .
352 3973 451 4023 tertium
475 3974 591 4024 deamata
615 3974 715 4022 cbarter
730 3974 758 4022 in
776 3972 880 4032 Rymer,
895 3987 952 4021 new
969 3974 1031 4023 edit.
1051 3987 1077 4034 p.

98 4049 102 4059 '
123 4043 241 4109 partem]
258 4043 312 4092 Tbe
320 4047 428 4092 taxwas
436 4043 544 4093 allowed
555 4045 590 4104 by
615 4047 657 4092 96.
678 4042 710 4090 ln
721 4042 764 4090 tbe
772 4041 906 4102 waverley
915 4043 1014 4091 Annals
1024 4043 1079 4091 itis

126 4129 143 4162 a
159 4127 272 4162 common
294 4114 394 4161 couneil
413 4112 442 4161 oi
456 4113 498 4162 the
515 4113 589 4174 bing-
616 4111 672 4161 said
684 4111 739 4159 that
750 4109 792 4158 tbe
804 4109 887 4158 wbole
899 4111 965 4172 body
977 4112 1007 4160 es
1017 4113 1081 4161 cler·

125 4185 184 4232 dom
201 4181 260 4231 beld
277 4187 304 4230 at
315 4182 431 4242 Oxiord5
447 4196 490 4230 see
502 4176 591 4230 lobn's
617 4180 763 4243 gyresisted
772 4180 815 4227 tbe
826 4179 979 4242 imposition,
989 4187 1081 4231 assert-

176 4271 257 4319 VOL.
275 4271 331 4320 lll.
910 4271 929 4317 P
