2970 5016
370 489 510 538 anonas
534 489 804 538 nrsvonranuu.
1005 474 1070 539 211

120 645 235 710 alieni.
290 644 435 708 Nullum
454 665 565 727 genus
582 646 737 710 alimenti
754 666 859 729 penes
879 665 937 711 eos
961 664 1204 730 usqueadeo.

120 744 369 808 incrastinum
400 754 610 821 reservatur,
640 751 678 809 ut
702 753 889 828 paupertas
916 747 1071 829 spiritus,

121 844 181 925 qui
202 843 298 924 viget
324 844 359 906 in
388 851 516 920 mente,
540 850 620 907 actu
650 845 741 908 sicut
764 853 798 909 et
819 844 940 908 habitu
963 846 1072 909 omni·

121 942 186 1004 bus
201 942 408 1006 innotescat.

176 1115 226 1179 Do
241 1116 410 1180 cassatione
424 1115 600 1180 electionum
616 1117 751 1200 episcopi
765 1117 973 1180 Norrct'ceners
989 1126 1016 1180 et

381 1215 556 1300 supprioris
572 1216 814 1279 Gontaorieosis.

175 1332 292 1401 Circa¹
318 1337 391 1402 dies
416 1338 503 1402 istos
528 1344 700 1402 steterunt
724 1339 847 1403 Romae
872 1358 988 1403 coram
1011 1339 1072 1403 do·
1085 1346 1225 1387 usserman

1085 1397 1151 1437 nithe
1159 1396 1233 1444 panop

124 1435 216 1500 mi¹¹⁰
236 1455 329 1519 Pstpa
352 1438 513 1501 monachi
529 1436 790 1501 Cautuariensis
812 1439 979 1514 ecclesiae,
999 1446 1072 1502 tur-.
1085 1446 1213 1546 {smel

124 1553 203 1616 pern
236 1535 420 1599 admodum
451 1554 591 1599 cansam
624 1536 668 1599 ad
702 1537 849 1601 invicem
879 1539 1215 1642 agitant0⁸;32¹,t:„⁰„„

125 1652 206 1696 nam
229 1635 387 1716 quaedam
409 1654 491 1716 pars
513 1654 631 1698 eorum
656 1654 719 1716 per
742 1635 861 1699 literas
884 1643 1182 1734 conventusggpm

126 1731 168 1794 de
189 1739 266 1795 rato
285 1740 583 1814 praesentaverunt
600 1732 846 1814 Reginaldum,
861 1735 1074 1817 suppriorem
1137 1720 1143 1733 ’

127 1828 425 1907 cantuariensem,
443 1832 534 1895 sicut
549 1831 725 1896 multoties
745 1833 908 1910 fecerant,
929 1832 1074 1896 electum

127 1928 170 1991 ad
194 1928 539 2011 archiepiscopatum,
570 1930 757 1994 instantius
790 1930 1006 2013 postulantes
1037 1939 1076 1994 ut

127 2027 203 2110 ejus
227 2027 350 2091 electio
374 2029 658 2108 confirmaretur;
686 2029 797 2093 altera
815 2049 898 2093 vero
915 2048 997 2112 pars
1019 2049 1076 2093 eo-

128 2126 269 2189 rundem
287 2128 532 2190 monachorum
555 2146 616 2210 per
632 2127 751 2191 literas
768 2128 925 2191 similiter
940 2128 983 2191 de
999 2136 1076 2192 rato

127 2232 426 2306 praesentaverunt
438 2226 461 2289 J
464 2226 648 2302 ohannem,
662 2227 860 2309 episcopum
874 2226 1076 2291 Norwicen·

128 2341 214 2398 sem,
246 2324 365 2387 multis
399 2325 591 2388 rationibus
623 2326 842 2390 ostendentes
875 2325 1075 2391 electionem
1173 2340 1178 2349 ·

129 2421 172 2485 de
197 2423 376 2504 suppriore
401 2424 531 2487 nnllam
559 2443 647 2500 esse,
675 2432 748 2487 tum
772 2425 855 2507 quia
883 2424 977 2489 facta
1002 2434 1077 2488 erat

128 2520 172 2583 de
198 2529 300 2585 nocte
327 2530 362 2585 et
388 2523 462 2586 sine
491 2523 710 2586 solemnitate
736 2530 772 2586 et
797 2541 940 2585 assensu
969 2524 1076 2602 regio,

130 2627 202 2682 tum
230 2621 313 2702 quia
340 2640 361 2684 a
386 2621 510 2703 majori
535 2628 570 2685 et
600 2621 730 2684 saniori
761 2627 861 2703 parte
887 2628 1077 2684 conventus

129 2738 199 2782 non
221 2718 335 2783 fuerat
356 2719 550 2799 celebrata3
574 2721 693 2800 sicque
711 2719 765 2782 his
786 2718 977 2782 rationibus
999 2739 1077 2800 pro·

129 2818 265 2898 positis,
295 2818 469 2900 petierunt
500 2824 539 2881 nt
568 2818 629 2881 illa
657 2818 780 2881 electio
807 2816 1077 2893 confirmaretur,

130 2935 209 2997 qnae
229 2916 325 2980 clara
348 2916 425 2981 luce
447 2917 527 2991 diei,
550 2936 631 2996 rege
655 2924 825 2999 praesente
850 2923 885 2979 et
906 2917 1078 2980 consenti·

130 3022 221 3090 ente,
237 3035 314 3078 cum
330 3016 476 3080 testibus
492 3015 624 3079 idoneis
640 3017 776 3079 exstitit
792 3015 976 3079 celebrata.
1010 3013 1079 3076 His

130 3112 258 3177 auditis
296 3121 332 3177 et
368 3114 613 3196 perspicaciter
647 3114 843 3192 intellectis,
876 3122 1079 3196 procurator

131 3212 322 3295 supprioris
353 3212 519 3293 allegavit
550 3214 736 3276 secundam
767 3213 968 3278 electionem
1003 3213 1080 3275 irri-

130 3318 202 3373 tam
229 3330 305 3374 esse
332 3318 368 3374 et
389 3312 538 3387 inanem,
566 3312 660 3393 quia,
680 3312 941 3394 qualiscumque
968 3312 1079 3393 prima

130 3415 222 3472 esset
245 3409 379 3484 electio,
407 3411 481 3474 sive
508 3410 607 3493 justa
638 3411 712 3474 sive
742 3410 885 3493 injusta,
915 3410 1080 3473 debuerat

129 3507 242 3588 prima
274 3508 404 3571 cassari
438 3516 623 3591 antequam
667 3509 818 3572 secunda
849 3507 1081 3570 celebraretur

129 3605 278 3685 electi03
311 3607 402 3669 unde
430 3614 629 3671 constanter
660 3606 871 3689 postulabat,
901 3613 940 3668 ut
969 3605 1081 3686 prima

166 3805 175 3838 ¹
188 3809 263 3858 Circo
278 3811 331 3860 dier
341 3811 433 3874 terea]
456 3812 531 3872 Upon
542 3811 593 3859 thie
618 3811 677 3860 here
693 3810 771 3859 lellen
785 3811 839 3858 into
854 3824 871 3858 a
885 3810 988 3858 carious
1004 3823 1081 3868 error,

131 3883 290 3940 controversy
307 3895 425 3942 compare
440 3881 549 3941 Tmoli,
565 3881 593 3928 ii.
620 3880 668 3940 lor,
689 3880 754 3928 aiter
772 3878 907 3939 observing
929 3878 984 3926 thet
1006 3879 1081 3927 Paris

133 3963 160 4008 p.
168 3948 294 4008 788,vvho
304 3950 428 3998 mandens
438 3949 481 3997 the
492 3949 594 4010 opinion
620 3949 670 3997 hed
686 3948 842 3997 manscribed
857 3948 899 3996 the
913 3952 1012 4008 mester
1024 3948 1082 4008 pert

131 4016 161 4065 of
168 4016 312 4067 wendover
321 4033 390 4081 upon
402 4018 444 4067 the
455 4018 562 4078 validity
569 4018 599 4067 ol
620 4018 650 4066 ol
658 4017 698 4066 liis
704 4017 800 4077 history
808 4016 871 4065 from
879 4030 926 4064 our
933 4015 1083 4076 chronicler,

132 4085 174 4133 the
194 4087 281 4148 pope’s
303 4088 466 4144 deminution,
485 4087 536 4135 and
554 4086 596 4134 the
622 4087 653 4134 he
665 4088 776 4148 givesas
792 4085 834 4134 the
849 4085 951 4146 opinion
965 4085 995 4133 ol
1008 4085 1084 4133 Wen·

132 4154 321 4216 improbability
338 4156 367 4204 oi
387 4156 427 4204 his
448 4157 554 4204 relation
571 4156 600 4204 ol
623 4156 699 4203 dover
710 4154 765 4202 thet
776 4152 858 4202 which
870 4155 892 4202 is
904 4168 936 4201 an
948 4153 1083 4215 interpola·

132 4222 175 4271 tlre
204 4224 334 4285 grounds3
362 4226 409 4273 bnt
428 4225 527 4286 Tyrrell
551 4224 597 4274 liar
623 4225 675 4272 tion
685 4223 744 4284 only
757 4223 791 4284 by
802 4222 886 4272 Paris.

904 4312 945 4356 Η
