2970 5016
397 460 535 508 nunnus
560 459 831 510 nrsronrrnnu.
1020 452 1085 516 157

130 615 342 698 pontificalis
360 616 462 682 officii
487 637 556 682 non
572 618 762 700 susciperet
779 620 996 700 dignitatem,
1020 624 1085 685 nisi
1098 641 1221 731 &popm

132 718 199 779 sibi
228 719 324 799 prius
359 717 402 780 de
435 718 607 781 communi
646 717 897 782 Lincolniensis
930 721 1084 786 ecclesiae
1098 742 1171 788 uma.

132 817 378 880 canonicorum
411 836 581 879 consensu
611 825 646 879 et
671 817 713 880 de
742 818 884 881 licentia
907 791 1205 884 chartusi-'li'ldlss‘

133 916 226 977 ensis
246 915 371 996 prioris
393 922 581 978 constaret.
635 914 790 997 Cumque
813 938 917 1000 super
940 919 992 983 his
1015 920 1086 982 suf-

133 1013 287 1078 ficienter
305 1014 418 1077 suerat
440 1013 671 1091 satisfactum,
690 1015 842 1079 decanus
871 1017 1084 1082 Lincoluien-

133 1114 276 1177 siacum
299 1114 488 1196 majoribus
508 1114 663 1176 ccclesiae
687 1115 729 1177 ad
748 1115 815 1179 Dei
833 1116 945 1178 virum
968 1137 1085 1181 acces·

133 1214 191 1287 sit,
214 1214 273 1295 qui
289 1214 379 1275 inter
393 1213 504 1295 prima
526 1212 699 1294 colloquia
717 1214 767 1276 sic
788 1234 905 1278 eorum
923 1217 988 1279 sibi
1006 1237 1086 1297 gra·

131 1312 215 1374 tiam
231 1312 440 1388 conciliavit,
461 1319 501 1376 ut
523 1331 600 1374 eum
619 1319 791 1394 pastorem
810 1322 845 1377 et
862 1323 994 1396 patrem
1012 1318 1083 1399 spi·

132 1411 293 1474 ritualem
308 1412 451 1474 sincerae
463 1410 656 1474 devotionis
671 1419 832 1492 optarent
847 1413 991 1492 affectu3
1010 1417 1083 1492 sed,

133 1518 172 1573 ut
193 1504 258 1572 ¹illi
277 1510 405 1573 certius
423 1529 542 1572 eorum
560 1529 748 1573 consensus
771 1511 1013 1589 innotesceret,
1036 1516 1083 1578 ibi

133 1629 209 1671 eum
234 1609 347 1672 denuo
371 1609 563 1690 elegerunt,
593 1617 628 1672 et
651 1617 733 1672 tunc
761 1611 871 1692 primo
897 1615 1082 1677 consensit.

132 1709 289 1772 Tandem
311 1728 407 1785 vero,
425 1728 503 1771 cum
526 1709 795 1772 consecrationis
820 1730 944 1773 munus
966 1731 1083 1776 susce·

131 1809 252 1890 pisset,
281 1809 393 1890 prima
427 1808 538 1871 noctis
564 1808 691 1889 quiete,
716 1828 787 1890 qua
819 1809 855 1871 in
881 1810 1083 1893 episcopatu

132 1909 284 1971 membra
305 1907 422 1989 sopori
446 1907 610 1982 dedisset,
632 1916 712 1988 post
736 1908 881 1971 devotas
908 1910 1083 1974 orationes

131 2006 264 2070 audivit
278 2025 398 2069 vocem
415 2006 586 2069 dicentem
602 2005 680 2082 sibi,
697 1999 905 2089 ²‘Egressus
921 2028 958 2071 es
976 2010 1010 2072 in
1028 2029 1083 2074 sa·

129 2107 236 2170 lutem
252 2105 371 2189 populi
389 2105 452 2181 tui,
467 2104 503 2167 in
520 2105 666 2169 salutem
683 2125 760 2169 cum
781 2106 920 2170 Christo
938 2107 1019 2173 tuo’

268 2283 318 2347 De
332 2280 500 2346 uirtutibus
513 2282 615 2346 saneti
632 2282 696 2345 oiri
710 2283 745 2346 in
759 2283 945 2369 episcopatu.

195 2406 426 2471 consecratus
450 2412 564 2470 antem
590 2405 657 2468 Dei
684 2426 805 2469 servus
839 2406 947 2488 Hugo
972 2410 1081 2473 eccle·

131 2507 217 2570 siam
240 2525 339 2569 suam
362 2506 449 2569 adeo
464 2506 664 2569 meritorum
682 2504 792 2569 titulis
809 2505 1009 2583 illustravit,
1032 2510 1082 2572 ita

132 2606 293 2688 populum
327 2605 393 2667 sibi
422 2605 642 2667 commissum
672 2605 785 2666 verbis
817 2604 1015 2671 informavit
1046 2615 1081 2671 et

131 2704 311 2786 exemplis,
339 2710 378 2766 ut
402 2704 554 2786 episcopi
583 2723 706 2766 nomen
732 2703 797 2765 sibi
825 2711 916 2768 recte
943 2724 1080 2787 compe·

130 2812 202 2868 tere
217 2803 427 2880 declarabat,
445 2810 550 2884 atque
570 2803 606 2864 in
623 2801 769 2865 ecclesia
785 2801 974 2865 cathedrali
993 2804 1079 2867 elec-

132 2911 186 2967 tas
209 2902 409 2967 collocando
433 2921 597 2983 personas
619 2901 709 2964 vivis
739 2921 783 2963 ex
807 2901 980 2982 lapidibus
1002 2903 1079 2968 Deo

130 3002 362 3066 habitaculum
388 3002 605 3078 construxit3
637 3001 819 3081 potestatis
841 3008 954 3064 autem
979 3021 1079 3066 secu·

130 3102 213 3165 laris
240 3103 277 3165 in
304 3102 407 3164 rebus
436 3100 589 3163 ecclesiae
616 3100 791 3162 saevientis
816 3100 965 3181 impetus
992 3102 1078 3165 adeo

129 3207 329 3266 constanter
348 3199 474 3263 elidere
494 3199 684 3276 consuevit,
704 3205 794 3261 utet
813 3219 925 3262 rerum
948 3207 983 3264 et
1002 3221 1076 3265 cor-

127 3301 222 3382 poris
244 3299 298 3361 sui
317 3298 507 3380 periculum
524 3305 741 3361 contemnere
756 3298 941 3376 videretur,
958 3301 1078 3383 inquo

129 3406 163 3462 et
184 3399 271 3462 adeo
294 3398 453 3480 profecit,
474 3397 565 3478 quod
591 3404 625 3460 et
643 3397 725 3479 jura
751 3400 928 3461 revocavit
950 3401 1078 3464 amissa

129 3505 164 3563 et
185 3496 365 3561 ecclesiam
401 3515 498 3559 suam
523 3514 543 3558 a
570 3497 736 3559 servitute
762 3498 968 3577 gravissima
991 3496 1076 3561 libe·

128 3598 231 3660 ravit.
284 3595 461 3659 Praeterea
480 3596 534 3658 vir
550 3603 691 3658 sanctus
708 3595 827 3658 domos
849 3596 1076 3677 leprosorum,

127 3716 189 3778 per
210 3714 297 3777 quas
324 3696 506 3758 transitum
537 3694 698 3769 iaciebat,
726 3694 860 3773 ingredi
885 3697 1076 3773 consuevit,

126 3803 160 3858 et
183 3796 277 3858 viros
300 3813 418 3858 omnes
439 3794 608 3877 leprosos,
628 3800 943 3875 quantumcumque
962 3794 1076 3857 defor-

126 3914 212 3970 mes,
248 3893 397 3958 osculari
433 3900 469 3956 et
503 3892 619 3973 largas
655 3892 890 3974 eleemosynas
921 3893 1076 3957 conferre

125 3994 282 4072 solebat;
313 3993 404 4056 unde
427 3992 527 4055 bonae
552 3992 725 4056 memoriae
747 3990 955 4066 Willelmus,
981 3992 1075 4075 ejus-

162 4153 243 4227 'lut.]
260 4159 330 4208 ‘Sibi
340 4159 347 4183 '
357 4161 384 4207 in
396 4159 452 4208 MS.
650 4154 789 4218 'Egressus
800 4151 847 4225 ea]
859 4159 1000 4220 ‘Egressus
1011 4175 1039 4209 es
1050 4161 1075 4209 in

441 4236 445 4241 ·
614 4227 721 4275 salutem
733 4241 790 4275 cum
804 4227 905 4276 Christo
915 4224 977 4289 tuo,‘
990 4231 1020 4279 C.
