2970 5016
338 433 406 498 2⁴2
596 448 729 496 nocant
755 449 802 496 na
824 447 1033 497 wnsnorsa

179 631 302 672 sunu.
341 606 415 689 ipse
431 614 468 671 et
481 626 697 670 successores
714 607 769 669 sui
793 625 936 686 regnum
955 604 1094 687 Angliae
1111 603 1194 687 jure
1215 623 1296 685 per-

340 713 447 789 petuo
461 705 698 788 possidereut3
719 706 860 786 scripsit
873 705 1182 786 insuper-omnibus
1193 722 1294 783 mag-

342 806 495 881 natibus,
523 805 702 880 militibus,
729 803 878 885 aliisque
905 803 1131 867 bellatoribus
1153 822 1216 885 per
1242 802 1297 865 di-

342 923 463 968 versas
486 903 644 968 nationes
666 903 878 980 constitutis,
905 910 945 966 ut
965 902 1009 966 ad
1037 902 1131 984 regis
1158 900 1296 983 Augin-

345 1022 423 1065 rum
440 1001 667 1084 dejectionem
684 1021 762 1064 sese
781 1020 883 1065 cruce
900 1001 1092 1083 signarent,
1106 1018 1296 1081 regemque

346 1101 559 1165 Francorum
581 1100 618 1163 in
635 1100 701 1164 hac
718 1099 938 1181 expeditione
962 1100 1084 1163 ducem
1106 1106 1293 1180 sequentes

345 1199 523 1263 vindicare
550 1198 713 1282 injuriam
738 1198 944 1262 universalis
972 1198 1128 1262 ecclesias
1154 1197 1295 1260 labora-

345 1309 424 1362 rent
437 1318 447 1376 3
475 1298 598 1362 statuit
619 1306 801 1380 praeterea,
815 1305 856 1361 ut
872 1298 1080 1381 quicumque
1094 1296 1138 1361 ad
1157 1315 1293 1378 expug-

346 1397 498 1460 nandum
513 1415 629 1478 regem
644 1397 741 1460 illum
758 1404 995 1460 contumacem
1018 1416 1102 1479 opes
1122 1394 1297 1476 impende·

346 1496 417 1559 rint
433 1496 488 1559 vel
504 1497 685 1572 auxilium,
706 1496 798 1559 sicut
819 1495 871 1558 illi
892 1497 953 1579 qui
974 1494 1195 1578 sepulchrum
1221 1494 1295 1557 Do·

346 1594 430 1657 mini
445 1595 600 1670 visitant,
620 1604 692 1658 tam
717 1595 754 1657 in
776 1594 879 1657 rebus
901 1613 1004 1676 quam
1027 1595 1062 1657 in
1084 1593 1244 1676 personis
1260 1601 1297 1656 et

347 1693 539 1756 animarum
561 1692 734 1773 suffragiis
748 1693 783 1755 in
799 1711 886 1774 pace
908 1693 1062 1756 ecclesiae
1084 1692 1197 1754 securi
1218 1711 1296 1773 per-

345 1799 521 1856 maneant.
573 1790 642 1853 His
658 1792 709 1854 ita
724 1792 844 1872 gestis,
862 1791 957 1854 misit
976 1790 1136 1854 dominus
1157 1809 1251 1872 papa
1274 1809 1296 1852 a

346 1889 455 1953 latere
476 1908 541 1952 suo
561 1883 821 1971 ¹Pandulphum
844 1889 1091 1953 subdiaconum
1111 1888 1157 1951 ad
1178 1896 1297 1970 partes

346 1987 550 2051 Gallicanas
563 2007 641 2051 cum
656 1988 914 2070 archiepiscopo
931 1996 967 2052 et
980 1988 1151 2070 episcopis
1174 2006 1294 2068 supra·

345 2085 462 2161 dictis,
483 2094 525 2150 ut
550 2087 586 2150 iu
613 2087 722 2168 ipsius
746 2087 933 2169 praeseutia
953 2105 1008 2164 ea,
1030 2106 1108 2168 quas
1135 2086 1295 2167 superius

346 2182 484 2264 digesta
495 2191 589 2260 suut,
602 2193 831 2269 exsequatur3
849 2185 910 2249 sed
926 2185 1154 2266 Paudulphus
1168 2204 1190 2249 a
1203 2203 1296 2266 papa

346 2281 522 2359 recedens,
543 2284 685 2347 remotis
711 2285 881 2361 omuibus,
904 2283 1136 2349 secretissima
1163 2283 1295 2347 allocu-

346 2380 442 2445 tione
455 2380 659 2458 sciscitavit,
676 2383 706 2445 si
723 2382 813 2446 forte
833 2382 870 2446 in
891 2403 973 2465 rege
989 2382 1185 2465 Anglorum
1206 2382 1298 2446 unc.

346 2486 421 2543 tum
443 2481 659 2562 poenitentiae
684 2482 867 2559 inveniret,
886 2482 937 2546 ita
955 2482 1048 2565 quod
1065 2481 1172 2546 vellet
1192 2481 1297 2545 satis·

347 2577 461 2643 facere
485 2580 636 2643 Domino
663 2588 699 2644 et
718 2579 872 2644 ecclesiae
898 2580 1068 2645 Romanae
1090 2587 1197 2662 atque
1218 2580 1296 2643 aliis

347 2678 506 2741 omnibus
521 2678 563 2742 ad
574 2679 661 2742 illud
676 2679 854 2760 negotium
868 2681 1118 2761 spectantibus,
1133 2679 1215 2760 quid
1230 2678 1296 2742 sibi

346 2776 427 2840 inde
441 2776 516 2841 fieri
532 2777 695 2859 placeret.
740 2777 839 2842 Tunc
851 2798 942 2861 papa
960 2777 1168 2860 Pandulpho
1185 2796 1295 2859 quan·

346 2874 425 2938 dam
449 2876 544 2956 pacis
562 2876 706 2939 sormam
722 2876 900 2941 evidenter
914 2878 1099 2960 expressit,
1114 2878 1171 2941 cui
1186 2877 1217 2940 si
1233 2896 1296 2940 rex

346 2974 515 3037 assentire
530 2974 731 3052 decreverit,
745 2975 839 3057 apud
849 2975 965 3040 sedem
977 2975 1203 3058 apostolicam
1215 2993 1297 3057 gru·

346 3070 431 3135 tiam
456 3071 584 3153 poterit
607 3074 770 3137 iuvenire.
823 3073 912 3139 Hoec
934 3084 1050 3140 autem
1071 3074 1169 3156 pacis
1185 3073 1296 3138 forma

345 3168 489 3233 inferius
504 3170 678 3254 descripta
694 3172 901 3238 continetur.

345 3338 395 3402 De
418 3339 521 3404 redita
543 3342 777 3407 Oootooriemb
796 3343 1018 3429 archiepiscopi
1041 3353 1069 3408 a
1088 3343 1296 3430 episcoporum

396 3458 418 3500 u
436 3438 503 3503 teda
519 3440 697 3524 apostolico,
720 3450 748 3505 et
769 3442 805 3506 da
827 3451 920 3507 morte
939 3442 1096 3526 Gnlsridi,
1116 3441 1297 3508 Eboraccn-

395 3536 438 3601 rie
452 3538 684 3625 archiepisopi.

184 3680 333 3769 fflrqfaim
397 3660 503 3725 Anno
515 3662 658 3725 Domini
674 3679 832 3727 uccxm.
849 3683 911 3726 rex
926 3662 948 3727 J
951 3663 1105 3728 ohannes
1119 3664 1165 3727 ad
1181 3665 1296 3729 natale

182 3758 488 3879 ffltqqqrffirllomini
507 3761 618 3824 tenuit
639 3762 769 3825 curiam
788 3781 884 3825 suam
909 3761 1001 3844 apud
1022 3761 1295 3827 Westmonaste·

346 3878 434 3923 rrum
464 3878 541 3922 cum
570 3878 682 3940 pauco
713 3859 896 3924 admodum
927 3861 1074 3924 militum
1101 3860 1293 3938 comitatu;

345 3976 415 4038 quo
433 3959 537 4021 etiam
554 3964 708 4040 tempore
726 3958 918 4037 Galfridus,
938 3959 1167 4026 Eboracensis
1184 3961 1296 4023 archi-

381 4128 593 4198 ¹Pondulpbum.]
617 4135 671 4185 Tbe
691 4136 852 4186 instructions
869 4137 898 4186 ol
911 4137 954 4186 the
971 4141 1078 4199 popolo
1096 4137 1235 4201 Pendulpb
1250 4153 1292 4187 are

346 4201 419 4261 given
433 4201 458 4249 io
471 4202 514 4251 the
527 4203 622 4251 Burton
634 4204 740 4255 Auuds.
