2970 5016
342 470 409 534 228
600 483 733 531 noorai
759 482 805 529 nn
829 479 1037 528 wnanovnn

183 658 236 699 Ab·
252 658 307 697 ¹²⁰⁹·
348 663 415 707 nou
438 641 653 706 invenientes
674 647 840 723 ceperunt
859 632 946 702 'tres
969 634 1083 699 socios
1100 633 1176 716 ejus
1200 631 1298 694 cleri·

346 762 406 806 cos
428 750 635 806 memoratos
656 749 691 805 et
714 740 757 803 de
777 736 960 802 homicidio
982 735 1121 817 penitus
1149 730 1298 804 nescios,

346 850 383 906 et
410 861 470 906 eos
504 843 540 904 in
568 859 740 905 carcerem
776 842 1019 913 retruserunt3
1057 831 1181 895 deinde
1215 836 1297 912 post

345 941 421 1004 dies
458 960 599 1024 pancos,
633 960 714 1021 rege
743 938 939 1019 Anglorum
966 934 1124 1018 jubente,
1147 931 1182 994 in
1212 948 1297 992 con·

346 1049 514 1122 temptum
553 1039 797 1102 ecclesiasticae
835 1035 1006 1099 libertatis
1042 1038 1145 1096 extra
1177 1029 1297 1092 villam

346 1139 460 1202 educti
484 1139 670 1220 suspendio
697 1138 882 1220 perierunt
936 1131 1037 1211 Quod
1063 1149 1141 1194 cum
1164 1128 1296 1192 factum

346 1237 480 1314 fuisset,
498 1246 712 1301 recesserunt
727 1237 771 1299 ab
790 1234 931 1298 Oxonia
952 1231 997 1296 ad
1012 1232 1081 1295 tria
1102 1228 1211 1291 millia
1226 1228 1293 1290 cle·

346 1337 507 1411 ricorum,
530 1346 600 1401 tam
626 1336 783 1418 magistri
807 1353 913 1416 quam
935 1330 1108 1412 discipuli,
1130 1329 1182 1392 ita
1201 1326 1295 1409 quod

346 1455 408 1499 nec
425 1455 514 1499 unus
530 1457 574 1500 ex
591 1436 684 1500 omni
701 1434 928 1498 universitate
945 1429 1128 1506 remansit;
1148 1445 1295 1509 quorum

346 1536 484 1616 quidam
512 1536 605 1617 apud
636 1534 891 1614 Cautabregge,
923 1529 1063 1612 quidam
1092 1547 1176 1592 vero
1202 1525 1295 1607 apud

347 1634 559 1716 Radingum,
591 1633 789 1697 liberalibus
826 1631 950 1695 studiis
981 1636 1146 1692 vacantes
1176 1624 1295 1690 villam

347 1732 495 1797 Oxoniae
511 1753 655 1797 vacuam
674 1732 898 1814 reliquerunt.
944 1729 1073 1791 Eodem
1090 1746 1183 1791 anno
1198 1717 1298 1788 'Hu-

346 1851 404 1913 go,
420 1833 682 1896 archidiaconus
700 1831 884 1894 Wellensis
899 1836 935 1892 et
950 1827 1042 1908 regis
1057 1825 1296 1899 cancellarius,

347 1931 389 1993 ad
410 1931 646 2014 episcopatum
669 1930 958 2004 Lincolniensem,
973 1926 1093 1990 eodem
1116 1944 1198 2007 rege
1218 1945 1297 2006 pro-

346 2038 502 2105 curante,
529 2031 660 2094 electus
685 2039 751 2105 est,
783 2030 841 2111 qui
868 2028 1034 2091 continuo
1059 2033 1140 2108 post
1167 2025 1295 2087 factam

346 2127 547 2192 electionem
585 2131 691 2193 totius
726 2129 948 2211 episcopatus
980 2145 1002 2189 a
1033 2144 1113 2206 roge
1150 2124 1293 2187 liberam

344 2227 603 2309 dispositionem
620 2229 765 2309 accepit.

373 2400 415 2465 Ut
429 2424 484 2466 rea
496 2402 652 2467 lohannes
668 2403 852 2467 omoioatim
857 2402 964 2488 suerit
977 2400 1260 2466 eceommuaioatue.

182 2540 333 2621 “aggau-
396 2527 469 2591 Sub
496 2529 549 2592 his
576 2529 724 2610 denique
751 2528 884 2604 diebus,
907 2547 985 2591 cum
1011 2546 1072 2590 rex
1098 2524 1293 2607 Anglorum

344 2625 524 2692 lohannes
540 2628 615 2711 jam
638 2628 708 2691 fere
739 2648 800 2710 per
822 2628 1009 2703 biennium,
1031 2633 1070 2690 ut
1089 2625 1293 2707 praedictum

346 2733 411 2802 est,
440 2727 647 2808 generaliter
675 2747 736 2809 per
759 2734 868 2791 totam
891 2726 1056 2807 Angliam
1081 2724 1293 2806 persecutio-

346 2846 422 2888 nem
448 2827 686 2907 gravissimam
718 2827 851 2890 ratione
876 2825 1049 2890 interdicti
1073 2832 1144 2888 tam
1171 2831 1292 2887 contra

347 2925 440 2988 viros
465 2926 718 2989 ecclesiasticos
740 2945 845 3008 quam
869 2926 978 2989 laicos
1002 2923 1186 2988 nonnullos
1208 2921 1295 2985 infa-

346 3023 535 3104 tigabiliter
559 3026 797 3089 continuasset
818 3033 853 3088 et
879 3024 922 3087 de
953 3024 1165 3088 correctione
1189 3019 1294 3085 simul

347 3131 382 3184 et
399 3121 634 3187 satisfactione
659 3125 819 3188 omnibus
844 3143 939 3205 spem
962 3123 1193 3187 omnimodam
1215 3121 1298 3185 ade·

347 3221 477 3298 misset,
497 3242 588 3304 papa
603 3223 828 3287 Innocentius
849 3224 958 3305 ipsius
981 3221 1200 3286 rebellionem
1220 3221 1294 3284 diu·

345 3320 414 3383 tius
444 3320 588 3385 inultam
616 3323 834 3386 dissimulare
860 3342 928 3386 non
957 3321 1097 3404 potuit;
1130 3320 1223 3383 unde
1249 3319 1293 3382 de

344 3419 487 3483 consilio
509 3420 652 3485 fratrum
676 3441 816 3484 suorum
841 3421 1079 3496 cardinalium,
1100 3419 1144 3482 ad
1166 3420 1292 3482 exstir-

344 3519 494 3601 pandum
519 3521 686 3584 radicitus
708 3521 862 3584 ecclesiae
886 3520 1099 3594 scandalum,
1122 3518 1293 3582 bondoni-

343 3620 429 3697 ensi,
450 3619 609 3683 Heliensi
630 3627 666 3683 et
687 3618 920 3701 wigorniensi
943 3619 1114 3703 episcopis
1139 3617 1237 3681 dedit
1257 3618 1292 3680 in

342 3719 527 3794 mandatis,
549 3728 589 3782 ut
614 3739 729 3800 regem
753 3726 979 3783 memoratum
1003 3718 1205 3782 nominatim
1231 3736 1294 3780 ex·

342 3819 630 3881 communicatum
651 3819 925 3901 pronuntiarent,
945 3824 981 3881 et
998 3818 1206 3881 sententiam
1224 3818 1297 3879 sin·

343 3917 434 3998 gulis
466 3918 586 3980 diebus
618 3917 808 3980 Dominicis
839 3924 874 3981 et
902 3916 1036 3980 festivis
1071 3917 1108 3979 in
1136 3917 1294 3980 omnibns

378 4089 554 4161 'aaronem
565 4096 596 4143 ln
606 4091 701 4144 Wikes'
711 4096 803 4146 Chron.
829 4098 925 4157 ll'ells;
937 4097 968 4146 he
985 4112 1040 4145 was
1056 4096 1219 4145 consecrated
1235 4095 1293 4144 aoth

340 4169 446 4213 tueare
463 4165 519 4213 said
531 4170 557 4212 to
568 4165 631 4213 have
643 4167 706 4214 been
717 4166 802 4214 taken.
829 4167 970 4216 December
992 4170 1057 4215 12⁰9
1078 4164 1133 4229 (see
1155 4165 1248 4227 below,
1268 4180 1293 4225 p.

376 4231 386 4261 ¹
398 4228 506 4300 liuga]
528 4234 608 4295 Hugh
621 4234 721 4296 Wallis,
732 4250 760 4282 or
770 4235 803 4283 de
829 4234 899 4300 281),
909 4235 960 4285 and
971 4236 1030 4284 died
1042 4236 1068 4284 iu
1081 4235 1211 4296 February
1221 4238 1294 4284 ΙΝ.
