2970 5016
453 480 592 530 rnoass
615 482 887 534 nrsronmnmu.
1079 470 1144 534 107

194 642 273 711 tnr;
307 635 466 698 omnibus
494 655 589 713 vero,
614 645 745 718 quanto
773 636 852 718 plus
875 635 919 699 ad
948 636 1050 701 finem
1077 637 1145 701 laci
1160 656 1279 697 annm.

192 732 284 796 illius
312 733 534 811 accedebant,
560 754 601 799 eo
629 735 745 799 mitior
774 736 948 798 cruciatus
979 737 1145 812 restabat,
1157 707 1277 796 ffl‘ssirnr
1286 755 1312 795 or

194 832 465 896 crudelissimam
493 834 583 897 enim
609 834 645 897 in
671 834 840 916 principio
868 836 1047 899 constituti
1070 855 1145 916 poe·
1158 806 1272 848 hm

194 950 273 995 nam
296 932 504 1008 sentiebant,
528 932 608 997 licet
629 951 698 996 non
724 952 843 997 omnes
865 951 941 996 cam
965 934 1147 1015 aequaliter

195 1030 419 1112 pertulissent
437 1051 446 1109 3
477 1030 652 1096 levissima
674 1031 741 1094 loci
764 1032 864 1095 istius
888 1039 1059 1096 tormenta
1081 1034 1146 1096 im·

195 1129 351 1192 inaniora
371 1129 511 1193 fuerunt
527 1148 632 1211 quam
653 1129 720 1193 loci
740 1132 898 1212 superius
918 1131 1065 1213 inspecti
1081 1132 1146 1194 im-

95 1244 106 1255 ·
194 1228 406 1292 manissime.
448 1227 491 1290 In
513 1227 578 1292 boc
595 1247 678 1292 vcro
696 1228 826 1310 poenali
848 1229 925 1293 loco
942 1231 1052 1294 multo
1069 1230 1147 1311 plu·

195 1346 250 1388 res
272 1333 433 1390 notorum
457 1346 610 1391 meorum
630 1346 734 1409 quam
759 1328 795 1390 in
820 1330 1023 1409 purgatorio
1045 1348 1147 1410 supc-

195 1426 278 1488 riori
304 1427 417 1508 reperi
443 1435 478 1491 et
508 1426 649 1508 agnovi,
680 1425 886 1508 quibusdam
911 1433 1025 1490 tamen
1050 1434 1146 1491 utro·

195 1525 299 1607 bique
323 1524 460 1590 locutus
486 1544 575 1601 sum,
605 1526 696 1589 inter
719 1544 807 1607 quos
837 1525 1011 1590 aurificem
1039 1545 1147 1608 quen·

195 1623 275 1687 dam
299 1623 381 1687 mihi
402 1625 438 1688 in
461 1624 578 1688 seculo
606 1624 823 1687 notissimum
846 1624 1062 1706 conspiciens
1085 1644 1147 1705 ag-

196 1723 305 1802 novi;
344 1723 468 1788 ductor
498 1731 614 1787 autem
647 1742 756 1799 meus,
784 1741 926 1786 cernens
962 1742 1017 1786 me
1047 1723 1145 1786 illum

196 1821 395 1902 diligentius
414 1823 553 1898 intueri,
573 1822 769 1885 sciscitatus
791 1829 856 1897 est,
878 1822 909 1885 si
928 1822 1041 1904 ipsum
1062 1841 1145 1904 cog·

198 1940 393 1999 noscerem3
420 1921 562 1985 audiens
585 1940 723 2003 quoque
744 1920 842 1983 illum
861 1920 944 1984 mibi
962 1921 1068 1985 fuisse
1085 1941 1146 1985 no-

197 2020 379 2096 tissimum,
397 2021 458 2097 ait,
476 2020 537 2084 ‘Si
559 2040 636 2084 eum
655 2020 759 2096 nosti,
781 2020 922 2101 loquere
945 2014 1018 2083 illi!
1063 2019 1146 2103 Ipse

197 2138 278 2182 vero
300 2120 437 2183 intuens
455 2139 519 2182 nos
536 2126 572 2182 et
592 2138 840 2200 recognoscens
857 2118 1021 2183 ineffabili
1043 2128 1145 2200 gestu

197 2217 329 2281 laetitiae
358 2218 593 2301 applaudebat
623 2219 709 2295 viro,
732 2218 792 2299 qui
815 2237 869 2281 me
901 2218 1061 2295 ducebat,
1084 2238 1147 2283 ex-

197 2318 384 2400 pansisque
409 2319 569 2381 manibus
593 2335 616 2379 a
636 2318 756 2380 erebra
782 2318 889 2380 totius
911 2318 1065 2400 corporis
1090 2318 1145 2381 in·

198 2416 384 2480 clinatione
418 2417 515 2480 illum
546 2424 731 2480 veneratus
757 2424 862 2498 atque
890 2436 953 2498 pro
983 2417 1147 2499 impensis

198 2515 264 2579 sibi
290 2515 464 2579 beneficiis
493 2516 650 2579 salutans
674 2515 934 2596 inexplicabiles
958 2517 1148 2596 gratiarum

198 2614 316 2677 retulit
338 2615 513 2695 actiones;
546 2634 693 2696 cumque
716 2613 854 2678 tandem
877 2614 1074 2695 frequenter
1096 2634 1149 2678 rc-

199 2720 343 2794 peteret,
373 2712 528 2777 ‘Sancte
560 2713 718 2787 Nicolae,
746 2713 906 2774 miserere
931 2710 1020 2786 mei,’
1047 2731 1148 2793 quem

199 2811 332 2875 vultum
354 2812 515 2894 praeferre
532 2812 725 2892 angelicum
749 2809 924 2873 multoties
941 2810 1149 2887 admirabar,

199 2910 284 2973 nibil
300 2910 383 2973 mibi
401 2910 534 2974 dulcius
551 2917 693 2973 eatenus
713 2908 830 2972 audivi
846 2928 949 2990 quam
967 2929 1045 2972 cum
1065 2908 1149 2972 duc-

200 3010 284 3073 toris
314 3010 381 3072 mei
412 3010 523 3072 sancti
553 3008 703 3085 Nicolai,
730 3028 831 3090 quem
863 3027 997 3089 semper
1023 3008 1149 3086 amavi,

200 3108 289 3172 colui
312 3115 348 3171 et
367 3108 486 3184 dilexi,
508 3127 632 3171 nomen
660 3108 793 3171 celebre
817 3109 1015 3188 recognovi,
1039 3128 1060 3172 a
1080 3128 1149 3190 quo

199 3208 346 3274 salutem
368 3214 440 3270 tam
459 3206 614 3288 corporis
633 3225 737 3287 quam
757 3206 880 3270 animae
901 3207 1055 3272 obtinere
1072 3227 1150 3291 spe-

202 3308 333 3370 rabam.
378 3306 478 3369 Tunc
493 3325 515 3369 a
531 3325 586 3369 me
607 3306 792 3387 requisitus
810 3306 958 3383 aurifex,
978 3306 1149 3388 quomodo

201 3413 273 3469 tam
300 3406 368 3469 cito
391 3404 477 3468 adeo
501 3405 666 3467 immania
693 3406 936 3486 pertransisset
964 3412 1148 3482 tormenta,

201 3524 279 3587 quae
300 3523 377 3568 eum
394 3511 624 3568 transmeasse
640 3504 819 3586 conspexi,
837 3503 1024 3585 respondit,
1047 3503 1149 3580 ‘Tu,'

201 3605 326 3684 inquit,
338 3609 348 3637 ‘
358 3603 546 3679 carissime,
558 3611 593 3666 et
604 3621 722 3666 omnes
738 3603 812 3666 noti
824 3603 890 3665 mei
902 3603 937 3666 in
954 3602 1082 3676 seculo,
1094 3603 1149 3664 eui

200 3711 282 3766 ante
308 3709 453 3766 mortem
484 3721 596 3764 meam
623 3701 846 3784 temporalem
873 3700 1009 3765 vidistis
1035 3701 1151 3765 omnia

201 3800 280 3865 fidei
298 3800 506 3865 Christianae
527 3799 698 3882 denegata
718 3799 883 3877 subsidia,
902 3799 997 3863 velut
1018 3799 1153 3863 confes-

199 3901 332 3963 sionem
360 3906 396 3963 et
425 3900 602 3976 viaticum,
630 3919 693 3981 pro
727 3899 861 3982 perdito
889 3917 944 3961 me
969 3898 1150 3976 habuistis,

200 3999 392 4063 nescientes
409 4000 589 4081 praesentis
606 3998 735 4062 domini
759 3997 1038 4073 misericordiam,
1054 3990 1169 4061 sanc-⁴

201 4100 227 4163 ti
258 4098 418 4162 videlicet
451 4098 601 4174 Nicolai,
634 4099 692 4179 qui
726 4116 779 4158 rue
812 4095 982 4158 infelicem
1013 4116 1152 4161 servum

201 4218 303 4260 suum
327 4205 468 4261 nonest
492 4216 615 4279 passus
638 4196 794 4259 meritam
817 4202 992 4278 perpetuae
1008 4196 1151 4261 damna·
