2970 5016
391 461 457 524 114
646 473 777 521 noonnr
804 473 849 520 nn
872 471 1080 521 wnunovsn

231 647 354 689 anana
395 629 441 694 tis
469 626 642 692 beneficiis
674 626 864 707 gratiarum
897 627 1079 690 actionesi
1142 626 1232 690 Haec
1262 627 1347 690 mihi

230 697 501 793 {minuamus
531 724 722 790 revolventi
750 724 849 788 dolor
877 724 993 788 nescio
1020 744 1065 789 an
1096 725 1236 790 devotio
1268 728 1346 789 ani·

232 796 347 837 B'm'
396 846 488 893 mum
518 823 756 889 distrahebant
782 822 964 900 infelicem,
989 831 1112 906 stupor
1133 831 1169 887 et
1194 824 1345 887 admira·

398 926 447 989 tio
484 943 539 987 me
575 930 689 986 mente
726 921 980 1003 quodammodo
1014 922 1163 985 alienum
1196 922 1347 986 reddunt

396 1032 433 1088 et
462 1024 651 1087 absentem.
708 1019 801 1097 Quid
824 1039 905 1084 vero
930 1019 1137 1098 devotionis
1171 1020 1264 1104 quod
1292 1021 1346 1083 bis

397 1120 614 1187 contumeliis
642 1118 800 1182 diabolus
824 1118 984 1195 vincitur,
1012 1126 1164 1183 tartarus
1196 1118 1345 1182 debella·

398 1228 468 1297 tur,
491 1237 588 1284 arma
611 1217 686 1299 ejus
711 1216 919 1298 diripiuntur
940 1224 977 1279 et
997 1218 1120 1299 spolia,
1141 1217 1244 1281 homo
1268 1237 1346 1299 per-

397 1320 491 1383 ditus
534 1322 726 1398 reparatur,
761 1323 797 1378 et
834 1315 953 1397 praeda
989 1315 1181 1380 daemonum
1221 1315 1347 1380 inferni

397 1424 518 1499 crepta
541 1414 717 1494 ergastulo
739 1413 775 1476 in
801 1412 885 1476 caelo
911 1413 1025 1478 choris
1050 1414 1215 1479 inseritur
1237 1433 1346 1495 ange·

396 1514 532 1579 lorumi
566 1513 693 1589 Multa,
720 1531 798 1595 qum
824 1511 880 1574 bic
906 1511 978 1576 vidi
1002 1520 1038 1577 et
1064 1513 1193 1591 audivi,
1218 1512 1347 1577 referre

398 1614 614 1699 pertimesco,
641 1631 681 1674 eo
707 1609 800 1697 quod
827 1609 968 1674 insolita
993 1619 1028 1697 et
1057 1612 1175 1695 multis
1200 1612 1346 1675 incredi-

399 1712 482 1775 bilia
494 1702 692 1774 'videantun
746 1708 918 1790 Denique,
936 1717 1016 1791 post
1033 1712 1165 1774 moram
1185 1730 1254 1773 non
1272 1729 1347 1773 mo-

399 1811 511 1875 dicam
530 1810 567 1873 in
590 1814 662 1871 tam
682 1808 785 1871 beata
800 1807 932 1871 visione
956 1808 1143 1889 expletam,
1158 1809 1247 1872 visio
1269 1810 1347 1890 ipsa

399 1916 540 1992 repente
557 1906 746 1988 disparuit;
765 1916 800 1970 et
815 1905 904 1982 loco,
922 1907 982 1970 ubi
997 1907 1108 1987 gloria
1124 1909 1213 1972 tanti
1229 1926 1347 1971 sacra·

399 2008 507 2072 menti
523 2012 679 2081 steterat,
692 2004 849 2081 adorato,
867 2004 995 2086 singuli
1009 2005 1055 2069 ad
1071 2005 1170 2069 sedes
1187 2007 1347 2089 proprias

398 2126 476 2169 cum
502 2103 626 2167 laetitia
648 2103 834 2177 redierunt,
863 2110 898 2167 ot
923 2123 988 2184 ego
1013 2104 1135 2168 ducem
1161 2124 1275 2168 meum
1298 2105 1349 2167 in-

399 2215 453 2269 ter
477 2201 673 2265 mansiones
700 2201 878 2265 beatorum
904 2202 1028 2283 plenus
1052 2202 1278 2267 admiratione
1303 2203 1348 2266 ad

398 2301 564 2366 interiora
584 2300 777 2381 sequebar3
809 2299 864 2364 bic
885 2299 958 2381 jam
984 2301 1245 2366 consistentium
1264 2319 1348 2365 can·

398 2401 473 2477 dor,
494 2398 551 2463 bic
570 2398 685 2463 odoris
704 2398 908 2479 fragrantia,
928 2398 983 2462 bic
1005 2408 1080 2465 erat
1096 2400 1348 2465 inaestimabilis

397 2498 519 2563 laudes
538 2497 616 2562 Deo
632 2498 830 2562 canentium
846 2496 1048 2562 harmonia!

528 2671 578 2737 De
590 2671 680 2735 tertio
694 2669 884 2734 amenitatis
898 2669 961 2734 loco
974 2677 1002 2734 ot
1016 2668 1130 2735 oio-iate
1142 2668 1217 2734 Dei.

449 2793 591 2859 ‘Multo
611 2795 702 2858 inter
725 2793 800 2857 haec
819 2794 894 2876 jam
920 2811 1058 2856 emenso
1081 2792 1147 2855 viae
1174 2790 1290 2872 spatio
1312 2800 1349 2858 et

398 2901 573 2957 crescente
605 2899 686 2956 ante
723 2911 787 2957 nos
822 2893 976 2955 locorum
1005 2889 1236 2973 jucunditate,
1277 2890 1350 2957 vidi

398 2992 531 3053 eminus
554 2991 655 3072 quasi
675 3010 810 3054 murum
832 2990 1083 3072 crystallinum,
1105 2988 1205 3072 cujus
1228 2989 1348 3053 altitu-

398 3089 442 3152 do
464 3088 636 3169 pervideri
663 3107 733 3151 non
765 3089 878 3168 potuit
908 3108 971 3151 nec
999 3094 1093 3151 meta
1121 3088 1349 3169 longitudinis

398 3185 651 3267 comprehendi,
675 3187 732 3250 cui
749 3186 825 3268 jam
849 3187 1206 3271 appropinquantibus
1234 3188 1348 3264 nobis,

397 3290 534 3366 portam
562 3284 634 3347 vidi
655 3284 825 3349 introrsus
853 3284 1064 3349 lucidissima
1094 3285 1253 3350 claritate
1284 3286 1349 3349 mi·

399 3388 547 3458 cantem,
570 3391 796 3466 apertumque
821 3384 897 3467 ejus
922 3383 994 3448 vidi
1022 3383 1167 3460 aditum,
1189 3383 1249 3448 sed
1269 3403 1348 3447 cru-

367 3510 370 3515 ·
398 3481 448 3545 cis
470 3481 572 3544 unius
602 3483 698 3546 obice
721 3484 919 3564 signatum
947 3482 1132 3546 accedebat
1157 3482 1241 3545 illuc
1261 3482 1349 3546 mul·

399 3580 511 3644 titudo
526 3599 644 3643 eorum
666 3581 881 3657 catervatim,
901 3581 960 3662 qui
980 3581 1162 3645 viciniores
1178 3588 1279 3645 erant
1294 3581 1348 3645 in-

399 3678 496 3758 gredi
521 3680 763 3760 exoptabant3
803 3699 889 3742 cmx
918 3698 1001 3743 vero
1032 3680 1069 3743 in
1098 3679 1211 3744 medio
1237 3687 1348 3761 portae

398 3776 479 3853 sita,
495 3796 584 3840 nunc
599 3796 637 3841 se
651 3777 813 3842 attollens
827 3776 869 3840 ad
884 3777 1075 3859 superiora,
1092 3779 1201 3842 latum
1218 3777 1349 3843 adven·

400 3876 554 3938 tentibus
576 3874 749 3956 pandebat
769 3875 976 3956 ingressum,
1001 3875 1072 3939 ima
1091 3877 1205 3940 denuo
1227 3886 1349 3957 petens

398 3973 528 4037 intrare
560 3974 778 4055 cupientibus
809 3975 961 4053 negabat
989 3975 1173 4040 incessum.
1233 3973 1349 4053 Quam

398 4073 589 4152 gaudenter
614 4072 895 4152 ingrediebantur
920 4073 1074 4151 admissi,
1093 4074 1149 4137 vel
1169 4092 1273 4155 quam
1294 4094 1349 4136 re·

397 4179 557 4235 verenter
593 4173 827 4237 subsistebant
857 4172 1003 4250 exclusi,
1035 4172 1146 4237 crucis
1181 4171 1350 4238 elevatio·
