2970 5016
401 494 541 543 eronus
564 493 833 543 ursronraauu.
1046 482 1091 545 57

143 655 190 717 lia
213 651 304 734 regis
328 651 371 715 ad
390 650 482 716 viem
506 671 569 734 per
587 672 691 734 quam
717 653 829 716 nuntii
851 652 902 716 illi
921 653 1092 718 reversuri
1105 675 1228 715 nnana

143 760 244 816 erant
271 758 373 814 caute
393 749 586 814 insidiando
612 751 854 833 progreditur3
878 759 1092 816 revertentes

55 887 58 891 -
144 850 284 914 nuntios
315 848 586 930 comprehendit,
610 850 875 933 comprehensos
902 852 975 933 regi
1002 870 1092 934 prae-

143 949 307 1023 sentavit,
329 968 474 1030 quorum
499 968 605 1012 unum
629 969 690 1013 rex
716 951 751 1013 in
782 958 879 1014 arcto
901 970 1033 1033 ponens
1058 958 1094 1015 et

144 1047 274 1112 diutius
307 1054 473 1129 torquens
505 1049 633 1124 omnia,
666 1068 745 1131 quae
776 1048 855 1113 duci
886 1049 1092 1113 Salaadinus

145 1147 384 1211 transmiserat
403 1147 459 1210 vel
482 1146 720 1224 mandaverat,
743 1148 873 1211 invitus
896 1149 1093 1213 confitetur.

146 1246 285 1311 Amotis
316 1251 433 1309 autem
464 1246 595 1309 nuntiis
627 1265 668 1309 ac
702 1266 827 1310 aurora
859 1246 1093 1324 illucescente,

146 1345 228 1409 iecit
250 1364 313 1408 rex
338 1345 498 1409 accersiri
518 1345 639 1408 ducem
665 1352 701 1408 et
728 1345 959 1427 patriarcham
988 1354 1094 1428 atque

146 1442 294 1526 priorem
326 1444 369 1507 de
401 1443 606 1524 Bethleem;
638 1444 763 1526 quibus
791 1445 827 1507 in
857 1444 934 1508 loco
961 1453 1094 1509 secreto

147 1542 321 1618 adunatis,
356 1543 514 1624 protinus
545 1544 582 1606 in
612 1562 732 1607 eorum
772 1544 957 1625 praesentia
990 1562 1095 1625 super

146 1649 287 1705 sanctas
319 1642 482 1724 reliquias
508 1642 655 1725 juravit,
687 1661 725 1705 se
756 1648 914 1723 peratum
945 1643 1095 1707 existere

147 1760 226 1803 cum
253 1741 409 1805 exercitu
440 1760 505 1804 suo
537 1740 632 1805 adire
657 1748 693 1805 et
723 1740 1004 1824 Hierosolymam
1035 1761 1096 1805 ex·

148 1860 304 1921 pugnare
343 1858 386 1904 ac
418 1840 595 1905 civitatem
630 1840 782 1917 Barucb,
812 1841 886 1903 sine
925 1860 995 1923 qua
1031 1860 1094 1905 rex

147 1938 489 2020 Hierosolymitanus
516 1940 673 2004 coronari
694 1960 763 2003 non
783 1946 911 2022 potest,
933 1941 1024 2004 sicut
1046 1940 1095 2003 in·

148 2050 201 2103 ter
230 2058 289 2103 eos
320 2037 396 2120 jam
426 2037 540 2103 facere
568 2039 792 2103 decreverant
829 2045 864 2103 et
893 2039 1094 2123 juramento

147 2137 261 2202 fuerat
278 2137 530 2202 confirmatum.
585 2138 741 2220 Cumque
759 2159 821 2203 rex
833 2138 1000 2222 jurasset,
1016 2140 1095 2205 hor·

147 2244 243 2301 tatur
259 2243 299 2301 ut
320 2236 394 2300 dux
416 2237 527 2301 simile
544 2236 781 2320 juramentum
799 2246 1002 2319 praestaret3
1026 2260 1096 2323 quo

147 2337 331 2412 abnuente,
354 2336 535 2400 confestim
559 2357 621 2400 rex
644 2338 749 2400 nimio
772 2335 887 2400 furore
909 2356 1095 2402 succensus

148 2435 349 2499 traditorem
379 2455 458 2499 eum
481 2435 647 2517 appellat,
671 2435 914 2517 exprobrando
941 2437 972 2500 ei
998 2437 1096 2500 varia

148 2554 291 2598 munera
314 2554 393 2617 quae
417 2553 439 2597 a
463 2534 650 2599 Salaadino
678 2542 890 2617 susceperat,
915 2544 950 2599 et
972 2536 1014 2599 de
1036 2555 1095 2599 oc·

149 2634 252 2697 cultis
267 2634 409 2709 nuntiis,
425 2652 513 2716 quos
530 2633 575 2697 ad
592 2635 741 2698 invicem
759 2635 936 2710 miserant,
952 2642 987 2697 et
998 2653 1095 2697 man-

148 2732 251 2796 datis.
298 2732 397 2796 Duce
419 2739 534 2796 autem
557 2733 632 2796 haec
655 2734 770 2797 omnia
792 2734 965 2796 abnuente
987 2739 1023 2795 et
1037 2732 1096 2796 de·

150 2832 323 2908 sendente,
355 2832 520 2913 praecepit
549 2852 612 2896 rex
643 2840 682 2896 ut
712 2831 824 2894 nuntii
854 2831 916 2907 illi,
943 2850 1031 2913 quos
1060 2832 1097 2895 in

150 2931 208 2994 via
243 2931 446 3011 explorator
479 2940 630 3012 ceperat,
663 2932 699 2994 in
729 2950 847 2994 eorum
878 2931 1096 3013 praesentiam

149 3031 375 3109 ducerentur3
408 3048 554 3112 cumque
581 3030 769 3093 introducti
798 3029 944 3094 fuissent
966 3037 1002 3093 et
1024 3049 1097 3093 om·

149 3130 208 3193 nia
231 3129 300 3192 illis
325 3136 459 3193 secreta
485 3129 730 3206 denudassent,
753 3130 917 3212 praecepit
943 3148 1006 3192 rex
1027 3148 1097 3193 ser·

151 3231 203 3292 vis
224 3229 309 3305 suis,
335 3237 375 3292 ut
396 3229 433 3292 in
452 3237 639 3311 conspectu
665 3229 772 3293 totius
796 3228 969 3293 exercitus
990 3229 1097 3308 sagit·

150 3336 263 3392 tarent
278 3347 349 3404 eos,
364 3336 511 3409 utroque
525 3329 679 3392 exercitu
694 3348 834 3391 causam
852 3334 960 3390 tantee
976 3327 1097 3391 crude·

150 3427 260 3490 litatis
288 3427 482 3508 ignorante,
507 3434 569 3490 aut
594 3427 677 3510 quid
701 3428 854 3509 egissent
877 3427 942 3490 viri
967 3425 1019 3487 illi
1041 3425 1097 3490 vel

151 3525 241 3588 unde
259 3526 444 3590 venissent.
497 3526 581 3589 Dux
599 3535 713 3589 autem
733 3527 887 3608 proditor
907 3524 1098 3605 deprehen-

152 3644 223 3700 sus,
251 3624 426 3707 nimioque
459 3624 590 3707 pudore
621 3625 786 3688 confusus
812 3632 847 3688 et
877 3623 991 3687 surore
1018 3642 1097 3684 suc·

152 3742 287 3799 census,
321 3743 398 3786 cum
441 3724 596 3786 exercitu
638 3724 850 3787 Francorum
891 3723 1097 3803 quantocius

153 3822 220 3887 iter
235 3841 355 3887 versus
373 3819 497 3886 Achon
514 3823 682 3905 arripuit;
706 3822 766 3886 sed
790 3822 854 3885 hoc
874 3839 1017 3884 cernens
1035 3841 1095 3885 rex

154 3921 350 3986 Richardus
374 3921 574 3986 custodibus
595 3922 746 3985 civitatis
769 3920 961 3997 mandavit,
982 3929 1019 3984 ut
1039 3940 1100 3984 ne·

152 4022 277 4086 minem
302 4040 420 4085 eorum
446 4021 573 4085 intrare
601 4020 861 4104 permitterent;
889 4020 1001 4084 atilli
1027 4028 1099 4084 ten·

152 4121 241 4186 toria
258 4140 322 4185 sue
340 4129 442 4187 extra
460 4122 578 4185 urbem
595 4126 795 4203 posuerunt.
