2970 5016
386 469 431 532 46
636 481 768 528 nocnru
794 481 842 527 nn
866 480 1072 528 wnunovnu

226 655 349 696 anum.
388 657 465 718 gem
484 636 527 700 de
548 636 770 700 nobilioribus
790 636 972 699 Saracenis
994 636 1055 698 illo
1077 634 1144 710 die,
1164 636 1198 699 in
1220 637 1342 718 vigilia

388 736 500 800 beatae
518 735 557 799 M
560 735 654 812 ariae,
670 754 778 817 prope
795 733 964 798 Assuram
987 733 1155 811 fecerunt,
1172 743 1340 817 quantam

387 833 594 899 Salaadinns
630 834 863 916 quadraginta
900 832 1001 897 annis
1039 834 1226 898 transactis
1266 853 1336 896 non

389 932 554 997 sustinuit
570 952 640 996 nno
656 932 723 996 die.
760 931 896 995 Deinde
910 930 933 994 J
937 951 1062 1014 oppeu,
1080 932 1157 996 Deo
1175 931 1336 1009 ducente,

387 1032 628 1115 pervenientes
658 1031 777 1094 villam
807 1030 948 1094 fossatis
979 1039 1016 1094 et
1046 1031 1153 1094 muris
1186 1031 1338 1094 firmavi·
1433 1094 1442 1103 ,

388 1148 485 1209 mus3
510 1129 546 1193 in
572 1130 750 1212 proposito
775 1128 955 1206 habentes,
981 1129 1187 1211 ubicumque
1212 1130 1341 1211 poteri·

388 1247 466 1292 mus
479 1229 662 1310 attingere,
677 1227 949 1293 Christianitatis
965 1228 1142 1308 negotium
1159 1247 1222 1309 pro
1236 1246 1339 1309 posse

389 1335 509 1392 nostro
523 1345 737 1410 promovere.
762 1326 850 1391 Post
866 1326 957 1390 diem
971 1345 1054 1391 vero
1069 1326 1245 1409 praedictae
1260 1344 1339 1390 con-

388 1425 533 1490 fusionis
561 1446 631 1490 non
661 1432 716 1490 est
745 1444 851 1489 ausus
879 1424 1085 1489 Salaadiuus
1116 1444 1194 1488 cum
1220 1424 1339 1490 Chris·

389 1524 494 1588 tianis
536 1526 691 1588 cominus
728 1523 905 1605 congredi,
941 1523 1001 1587 sed
1032 1524 1077 1588 ad
1116 1523 1339 1588 trucidandos

389 1625 501 1687 crucis
530 1625 672 1700 amicos,
701 1623 791 1686 sicut
817 1642 900 1685 oves
933 1623 1126 1699 occisionis,
1157 1622 1341 1686 insidiatur

389 1723 524 1787 occulte
550 1722 650 1803 qnasi
668 1722 724 1785 leo
750 1721 786 1783 in
813 1721 979 1803 spelunca
1002 1740 1077 1786 sna.
1127 1720 1259 1785 Audito
1281 1741 1341 1785 an·

389 1828 460 1884 tem
479 1821 571 1903 quod
594 1839 658 1883 nos
678 1819 722 1882 ad
740 1818 894 1883 Ascalon
918 1828 1054 1883 maturo
1075 1839 1197 1901 gressu
1221 1821 1339 1884 tende-

293 1935 294 1938 ’
388 1938 515 1996 remus,
537 1919 648 2000 ipsam
671 1919 795 1982 evertit
817 1925 852 1981 et
874 1919 918 1981 ad
941 1924 1068 1982 terram
1090 1918 1247 1982 funditus
1264 1939 1340 2000 pro-

389 2018 528 2094 stravit,
553 2023 731 2098 totamque
748 2016 896 2100 Syriam,
910 2017 1010 2099 qnasi
1027 2017 1135 2081 totius
1155 2017 1289 2081 consilii
1305 2024 1341 2081 et

391 2115 513 2178 anxilii
535 2115 702 2178 beneficio
726 2115 924 2192 destitutus,
944 2116 1018 2198 jam
1047 2115 1174 2180 deserit
1195 2124 1231 2179 et
1257 2134 1341 2179 con·

391 2214 535 2293 temnit3
563 2214 655 2278 unde
678 2215 778 2278 bonae
800 2214 874 2296 spei
897 2216 1064 2277 sumimus
1087 2221 1341 2296 argumentum,

391 2312 485 2393 qnod
506 2313 542 2375 in
569 2313 675 2389 brevi,
702 2313 853 2377 Domino
875 2321 1061 2388 annuente,
1086 2314 1221 2396 plenius
1245 2332 1342 2376 recu-

390 2410 569 2494 perabitur
581 2411 766 2476 haereditas
783 2411 936 2476 Domini.
969 2411 1108 2489 Valete,
1122 2412 1261 2476 valete.’

484 2583 527 2648 Ut
541 2605 596 2650 ree
611 2583 792 2649 natarum
805 2583 942 2648 Hearico
957 2584 1059 2668 nepoti
1070 2605 1124 2649 sao
1139 2605 1265 2670 requam

696 2682 896 2748 Hierusalem
912 2683 1041 2747 dederit.

232 2818 313 2867 nou.
444 2805 600 2871 Reverso
615 2805 735 2888 igitur,
754 2813 792 2869 ut
807 2805 1012 2889 praedictum
1026 2811 1092 2881 est,
1110 2804 1202 2887 apud
1221 2803 1342 2868 Ptolo·

231 2867 386 3017 {ffiffi
394 2905 544 2970 maldam
572 2924 654 2987 rege
685 2903 873 2981 Richardo,
902 2904 996 2968 dedit
1023 2898 1195 2967 ¹Henrico
1223 2904 1342 2985 nepoti

233 3017 359 3057 'mn
393 3021 458 3067 sno
473 3022 615 3084 regnum
640 3002 997 3085 Hierosolymitannm
1019 3022 1098 3066 cnm
1120 3022 1230 3066 uxore
1252 3021 1343 3065 mar-

393 3100 494 3164 chisii
524 3101 566 3165 de
595 3101 909 3178 Monte-Ferrario,
931 3108 1054 3184 utpote
1074 3100 1212 3165 haerede
1234 3101 1342 3164 totius

394 3199 505 3279 regni,
536 3218 654 3264 sorore
684 3198 760 3283 ejus
788 3201 911 3283 regina
939 3199 1161 3264 Hiemsalem
1181 3201 1257 3283 jam
1284 3198 1344 3262 de-

393 3296 524 3362 functa.
577 3297 672 3363 Huic
694 3317 832 3382 quoque
853 3299 1001 3363 libenter
1023 3299 1146 3363 annuit
1160 3298 1278 3362 Guido
1299 3298 1342 3360 de

395 3395 576 3473 Leninant,
598 3398 680 3463 olim
706 3418 767 3488 ren
795 3397 948 3482 ejusdem
975 3398 1094 3479 regni3
1119 3417 1183 3481 pro
1207 3397 1342 3461 stabili·

395 3503 469 3560 tate
485 3497 581 3578 pacis
606 3497 735 3562 collata
751 3497 816 3561 sibi
837 3498 952 3561 insula
969 3496 1090 3579 Cypri,
1104 3515 1207 3578 quam
1222 3515 1244 3559 a
1262 3514 1343 3576 rege

272 3608 275 3615 ·
394 3594 518 3659 insulae
540 3596 695 3679 ejusdem
716 3616 826 3679 nuper
846 3614 973 3678 guerra
991 3615 1053 3659 rex
1069 3593 1262 3676 Auglorum
1281 3595 1343 3658 ob·

394 3693 557 3771 tinnerat,
585 3695 660 3778 ejus
688 3694 851 3775 homagio
877 3695 957 3759 inde
985 3701 1135 3776 recepto.
1188 3693 1344 3757 Marabi-

394 3792 469 3855 sius
493 3801 608 3857 autem
631 3813 741 3875 nuper
766 3794 811 3856 ab
834 3794 1001 3857 Assisinis
1028 3793 1211 3857 Saracenis
1237 3792 1343 3855 inter·

394 3890 506 3955 lectus
534 3901 587 3956 est
617 3892 710 3975 apud
737 3891 893 3974 Tyrnm3
930 3891 1022 3957 unde
1047 3911 1191 3972 regnum
1216 3889 1344 3953 Hiero·

429 4067 555 4118 'Heerieo
565 4069 645 4133 nepoti
654 4069 720 4133 aaa]
744 4067 856 4132 Corsos
881 4073 939 4130 888,
954 4069 1005 4118 and
1024 4068 1148 4120 Bemard.
1159 4067 1283 4118 Thesaur.
1294 4067 1344 4117 col.

392 4137 462 4198 bale,
477 4139 526 4188 eol.
540 4143 598 4188 82⁰.
626 4136 751 4200 Compare
770 4138 857 4187 Hove·
881 4143 938 4187 815.

392 4206 452 4269 rien,
473 4222 499 4268 p.
521 4211 579 4271 tre,
597 4207 660 4256 with
683 4206 801 4268 vineant,
828 4223 854 4268 p.
