2970 5016
348 458 415 522 272
604 473 738 520 nocant
765 473 811 519 nn
834 470 1048 521 wnnnovnn

184 646 310 737 min·
348 634 408 698 ilio
441 633 553 697 suerat
586 633 774 716 adquisita,
803 634 985 697 associatis
1018 632 1083 697 sibi
1119 635 1300 698 comitibus

184 746 311 836 μιν
349 727 680 809 Tbolosano,¹Fuxi
690 743 725 796 et
735 732 966 810 Covenarnm,
976 753 1054 796 cum
1064 734 1201 796 civibus
1212 733 1300 797 Tho-

213 797 317 846 Μ
348 833 478 896 losanis
495 839 529 896 et
547 834 702 895 exercitu
718 851 846 913 magno
863 833 978 908 nimis,
995 832 1082 896 seria
1098 834 1203 897 tertia
1223 842 1299 914 post

349 932 567 996 nativitatem
578 933 690 995 beatae
703 931 825 994 biariae
837 931 976 994 Murelli
988 940 1140 996 castrum
1154 933 1298 996 obsedit.

349 1031 430 1110 Quo
446 1030 577 1107 audito,
600 1039 718 1113 patres
736 1030 961 1106 venerabiles,
978 1029 1212 1108 Tholosanns,
1231 1030 1301 1094 Ne-

349 1132 554 1206 mausensiS,
570 1129 795 1211 Agathensis,
810 1128 1015 1205 Bitnrensis,
1025 1129 1217 1206 Uticensis,
1232 1130 1299 1194 Lo·

348 1230 510 1293 dovensis
533 1239 568 1292 et
589 1230 808 1292 Covenarum
833 1228 998 1310 episcopi,
1018 1236 1054 1292 et
1077 1228 1120 1292 de
1141 1228 1299 1306 Claraco,

349 1329 391 1392 dc
416 1328 651 1410 Magna-villa
679 1335 713 1391 et
738 1329 851 1390 sancti
874 1327 1004 1390 Tiberii
1033 1328 1191 1404 abbates,
1215 1348 1299 1410 quos

349 1428 628 1510 archiepiscopus
657 1426 896 1491 Narbonensis
924 1434 959 1490 et
981 1427 1183 1508 apostolicae
1210 1429 1299 1491 sedis

348 1527 486 1608 legatus
510 1535 650 1610 propter
671 1533 801 1589 sanctae
827 1525 939 1588 crucis
967 1527 1144 1607 negotium
1171 1526 1299 1591 fecerat

348 1628 566 1707 congregari,
598 1646 668 1688 nna
699 1645 777 1688 cum
808 1624 948 1688 Simone
981 1625 1234 1690 Montis-fortis
1266 1633 1299 1690 et

349 1727 505 1790 exercitu
525 1745 626 1789 cruce
652 1725 868 1805 signatorum
890 1725 957 1788 iter
979 1726 1151 1807 arripiunt
1172 1726 1217 1789 ad
1241 1726 1300 1789 ob·

349 1844 482 1888 sessum
506 1834 658 1890 castrum
682 1823 827 1887 viriliter
850 1824 1139 1902 succurrendum
1171 1831 1299 1888 etcum

350 1924 405 1987 die
432 1925 559 1988 Martis
590 1922 682 1986 inira
712 1931 855 1987 octavas
884 1923 1102 2005 supradictas
1125 1924 1301 1988 venissent

349 2024 392 2086 ad
417 2033 581 2099 castrum,
604 2022 696 2104 quod
719 2022 844 2085 dicitur
861 2021 1116 2098 Savardunum,
1134 2024 1299 2086 miserunt

352 2123 490 2186 nuntios
510 2122 662 2204 episcopi
683 2122 863 2184 memorati
884 2121 928 2184 ad
951 2122 1166 2204 capitaneos,
1187 2122 1299 2204 quiin

350 2221 528 2283 obsidione
553 2220 659 2283 castri
684 2220 825 2284 Murelli
853 2227 964 2298 erant,
993 2220 1159 2297 dicentes,
1184 2240 1223 2285 se
1257 2221 1299 2284 ad

349 2318 414 2382 hoc
437 2320 565 2396 venire,
590 2326 630 2382 nt
651 2338 730 2381 cum
753 2320 803 2383 eis
828 2318 871 2383 de
892 2338 978 2402 pace
996 2327 1201 2396 tractarent,
1221 2320 1301 2383 sibi·

349 2437 418 2499 que
434 2419 507 2482 dari
526 2418 689 2481 ducatum
702 2438 859 2482 securum
877 2421 1054 2501 petebant.
1092 2419 1136 2482 ln
1150 2421 1300 2483 crastino

350 2525 478 2596 antem,
506 2518 589 2599 quia
620 2537 674 2580 res
706 2519 755 2580 sic
784 2518 960 2599 exigebat,
991 2519 1166 2581 exercitus
1201 2538 1300 2582 cruce

348 2618 563 2699 signatorum
592 2636 614 2680 a
639 2616 844 2680 Savardnno
871 2617 1034 2681 recedens
1056 2617 1236 2683 festinavit
1258 2617 1301 2681 ad

352 2717 491 2781 Murelii
522 2735 721 2780 succursum
748 2716 905 2779 celeriter
931 2716 1116 2796 advenire;
1150 2718 1301 2800 episcopi

350 2837 432 2880 vero
460 2816 618 2898 praedicti
645 2816 770 2879 morari
793 2822 1046 2897 proposuerant
1072 2816 1166 2898 apud
1193 2816 1302 2899 quod·

350 2916 429 2978 dam
452 2923 616 2990 castrum,
637 2914 815 2996 Alta-ripa
840 2922 1011 2991 vocatum,
1036 2914 1129 2997 quod
1153 2916 1300 2979 medium

349 3016 439 3077 inter
454 3013 694 3077 Savardunum
714 3021 750 3077 et
765 3013 952 3077 Murellnm
970 3014 1076 3077 distat
1091 3016 1136 3077 ab
1154 3022 1299 3097 utroque

350 3114 484 3176 duabus
502 3113 623 3188 leucis,
637 3122 677 3177 nt
688 3114 735 3176 ibi
752 3113 875 3177 missos
890 3114 1030 3177 nuntios
1045 3121 1301 3196 exspectarent,

351 3212 410 3294 qni
435 3213 559 3275 ibidem
587 3212 631 3275 ad
661 3213 843 3294 episcopos
870 3213 1052 3276 redeuntes
1077 3213 1241 3277 dixerunt
1258 3233 1301 3277 ex

350 3320 450 3394 parte
464 3312 556 3394 regis
573 3311 807 3393 Arragonnm,
825 3311 915 3392 quod
934 3311 1097 3376 ducatum
1119 3332 1188 3376 non
1213 3332 1300 3394 prae·

350 3413 447 3475 beret
472 3412 535 3490 eis,
560 3412 643 3493 quia
675 3431 752 3475 cnm
782 3417 882 3476 tanto
908 3412 1063 3475 exercitu
1088 3411 1300 3476 advenerant

351 3512 441 3593 quod
467 3532 535 3574 non
553 3510 754 3592 indigebant
768 3511 950 3575 conductu.
997 3509 1128 3575 Verum
1149 3511 1225 3575 baec
1240 3531 1299 3575 au·

351 3611 484 3674 dientes
515 3609 667 3691 episcopi
699 3609 887 3674 Murellnm
912 3630 990 3674 cnm
1017 3610 1174 3674 exercitu
1202 3630 1300 3674 cruce

351 3711 566 3791 signatorum
592 3709 809 3772 intraverunt
831 3709 886 3772 die
904 3709 1069 3774 Mercurii
1097 3709 1192 3773 intra
1209 3718 1301 3774 octa·

351 3828 413 3873 vas
438 3815 658 3884 memoratas,
681 3814 716 3870 et
736 3808 966 3873 sollicitudine
997 3828 1066 3872 non
1093 3810 1184 3891 pigri
1216 3809 1299 3873 duos

351 3909 445 3972 viros
459 3907 638 3988 religiosos
652 3906 695 3969 ad
708 3927 823 3989 regem
840 3915 875 3971 et
889 3908 982 3972 cives
996 3906 1215 3972 Tbolosanos
1229 3908 1300 3973 des

351 4009 520 4084 tinarunt,
551 4007 610 4088 qni
636 4026 658 4069 a
681 4026 762 4087 rege
786 4026 863 4070 cnm
886 4007 1057 4071 derisione
1081 4006 1151 4071 tale
1173 4006 1299 4072 habue-

387 4172 469 4224 'Faxi
476 4179 500 4224 et
509 4167 680 4242 Genesaram]
697 4173 751 4223 The
762 4182 852 4224 connts
860 4175 889 4224 oi
897 4176 961 4225 Foix
972 4175 1023 4225 and
1030 4174 1198 4239 Commanges
1209 4189 1301 4240 appear

350 4244 409 4293 bere
420 4249 446 4292 to
457 4245 488 4292 be
497 4244 625 4294 intended.
