2970 5016
406 447 470 510 loo
659 465 792 512 nocam
817 465 863 511 nu
887 464 1093 511 vvsunovun

241 632 364 721 A·J,'·„¹²⁰⁰·
404 619 619 683 benedictam
639 619 675 682 in
698 638 825 701 magna
842 618 1039 700 quantitate
1053 615 1195 696 offudit;
1219 617 1357 682 statim-

242 682 323 781 fi‘uarf
403 738 470 801 quc
498 717 647 781 furiosus
672 719 835 793 surrexit,
861 724 896 781 ct
922 735 1045 780 manus
1068 716 1195 798 ligatas
1218 716 1262 780 ad
1287 736 1356 780 cae-

239 781 347 871 ἷιῖυἶοοῗιιῗῐ
403 817 472 880 lum
494 818 629 898 erigens
655 818 731 882 Deo
753 826 788 881 et
808 819 910 880 beato
933 816 1087 899 pontifici
1115 817 1247 896 gratias
1269 816 1356 896 egit,

403 924 438 980 et
461 916 553 981 illico
577 916 723 979 vinculis
754 916 877 979 solutis
904 934 1009 978 sanus
1043 916 1193 979 recessit.
1247 913 1355 992 Quae-

403 1016 482 1078 dam
502 1022 661 1078 matrona
685 1014 872 1078 Lincolniae
899 1014 986 1077 duos
1007 1013 1127 1077 habuit
1149 1013 1250 1090 filios,
1268 1031 1356 1095 quo·

403 1135 479 1177 rum
504 1114 603 1190 alter,
626 1114 707 1177 dum
730 1113 842 1177 adbuc
867 1133 953 1196 puer
976 1120 1080 1189 osset,
1099 1114 1135 1177 in
1158 1113 1283 1177 dextro
1304 1113 1355 1176 la-

405 1221 476 1277 tere
499 1221 667 1276 tumorem
692 1213 814 1276 babuit
840 1213 1027 1294 grandem
1051 1211 1094 1276 de
1116 1212 1216 1295 c'ujus
1240 1211 1356 1275 salute

402 1320 514 1375 mater
533 1312 719 1393 desperans
737 1318 895 1374 sanctum
917 1312 1115 1393 episcopum
1135 1311 1233 1386 adiit,
1251 1319 1298 1387 et,
1317 1320 1355 1373 ut

403 1412 434 1474 ei
460 1410 688 1488 benediceret,
712 1411 922 1493 impetravit.
976 1409 1043 1473 Ille
1068 1430 1149 1474 vero
1173 1430 1278 1492 super
1303 1410 1355 1473 lo·

403 1530 480 1574 cum
508 1511 618 1575 morbi
645 1529 767 1574 manus
794 1512 923 1591 posuit,
942 1510 1120 1574 benedixit
1143 1517 1179 1573 et
1201 1509 1352 1587 dimisit;

402 1629 471 1692 quo
497 1609 602 1686 facto,
630 1610 681 1674 ita
708 1617 822 1673 tumor
848 1609 963 1673 subito
987 1609 1127 1672 sedatus
1153 1617 1219 1685 est,
1242 1618 1281 1672 ut
1308 1609 1353 1671 ab

401 1709 463 1772 illa
497 1708 583 1772 hora
612 1728 675 1773 nec
712 1728 855 1790 puerum
885 1709 1078 1784 vexaverit,
1111 1727 1174 1772 nec
1206 1707 1353 1771 ulterius

401 1816 513 1872 mater
534 1817 700 1871 tumorem
726 1807 861 1871 viderit.
913 1805 994 1871 Alio
1018 1816 1171 1889 tempore
1193 1806 1353 1889 contigit,

402 1916 441 1970 ut
461 1908 550 1971 alius
579 1907 733 1990 ejusdem
761 1913 928 1970 matronae
951 1906 1042 1970 filius
1070 1901 1272 1970 'ictericiam
1294 1907 1353 1969 de-

401 2007 618 2088 sperabiliter
637 2013 835 2087 pateretur3
859 2004 920 2068 illa
938 2013 1065 2082 autem,
1081 2006 1205 2089 prioris
1223 2026 1354 2069 memor

401 2106 536 2186 refugii,
566 2111 601 2167 et
627 2104 718 2167 bunc
744 2105 1012 2167 benedicendum
1041 2113 1162 2169 sancto
1189 2106 1353 2187 episcopo

400 2203 635 2286 praesentavit,
658 2203 729 2284 qui,
751 2211 895 2285 accepta
917 2203 1164 2281 bencdictione,
1181 2205 1273 2268 infra
1292 2205 1353 2267 tri·

400 2303 505 2366 duum
524 2301 705 2366 restitutus
722 2309 775 2365 est
793 2302 948 2384 pristinae
967 2303 1120 2367 sanitati.

476 2473 617 2555 Qualiter
632 2481 757 2537 sanctus
773 2472 867 2558 Hupo
882 2495 918 2536 ec
932 2472 990 2537 bac
1005 2473 1071 2538 luce
1087 2474 1280 2559 mipraverit.

453 2599 603 2663 Sanctus
624 2596 733 2677 Hugo
753 2595 948 2678 episcopus,
970 2597 1141 2678 completo
1161 2599 1197 2660 in
1220 2599 1354 2680 cpisco-

402 2706 487 2783 patu
519 2717 610 2761 anno
642 2695 775 2759 decimo
806 2702 943 2776 quarto,
976 2715 998 2758 a
1026 2695 1188 2760 cartusie
1221 2699 1351 2779 princi-

401 2800 472 2882 pali
488 2796 642 2880 ejusdem
662 2795 792 2859 ordinis
812 2794 926 2871 domo,
943 2794 1092 2858 visitatis
1110 2816 1154 2859 ex
1173 2796 1278 2877 longo
1294 2798 1354 2861 ds.

400 2899 525 2961 siderio
541 2897 656 2977 priore
671 2902 705 2958 et
722 2893 886 2956 iratribus
902 2893 1057 2976 ejusdem
1074 2895 1208 2972 domuS,
1224 2896 1260 2958 in
1274 2896 1351 2960 An-

400 2997 506 3077 gliam
538 2994 684 3067 redienS,
712 2993 746 3055 in
776 2994 860 3056 urbe
889 2991 1099 3056 Londinensi
1123 2994 1215 3076 apud
1237 2994 1351 3073 Vetus

401 3091 582 3175 Templum
607 3092 787 3172 quartanis
810 3091 962 3154 febribus
990 3093 1096 3174 coepit
1119 3094 1273 3174 graviter
1297 3094 1350 3158 in-

401 3191 541 3254 firmari.
593 3189 702 3253 Venit
720 3210 804 3271 ergo
825 3191 868 3253 ad
889 3211 966 3253 eum
986 3190 1112 3254 ibidem
1134 3212 1195 3255 rex
1215 3192 1351 3257 Johan-

401 3310 474 3366 nen,
497 3296 536 3352 ut
559 3308 637 3351 eum
659 3288 839 3367 visitaret3
863 3289 936 3366 sed,
958 3298 1143 3372 antequam
1162 3293 1351 3370 recederet,

401 3391 443 3453 ad
470 3388 535 3452 viri
567 3388 633 3451 Dei
661 3388 939 3469 praedicationem
967 3396 1211 3453 testamentum
1239 3392 1349 3474 ipsius

400 3488 630 3563 confirmavit,
664 3495 700 3550 et
730 3488 765 3549 in
796 3487 947 3550 Domino
978 3488 1146 3569 promisit,
1175 3491 1267 3570 quod
1308 3492 1351 3555 de

399 3597 525 3653 caetero
540 3595 618 3651 rata
634 3586 776 3649 baberet
792 3593 1000 3650 testamenta
1023 3588 1245 3652 rationabilia
1261 3609 1350 3671 prae·

399 3688 559 3753 latorum.
612 3684 768 3767 Cumque
786 3686 895 3748 indies
911 3685 1059 3766 languor
1081 3687 1350 3768 ingravesceret,

400 3806 575 3870 nunquam
598 3784 745 3866 aiicujus
771 3783 914 3848 consilio
936 3785 1097 3862 cilicium,
1124 3806 1193 3867 quo
1215 3787 1350 3870 jugiter

399 3888 572 3962 utebatur,
587 3884 631 3946 ad
648 3883 768 3946 horam
785 3884 1016 3965 permodicam
1033 3885 1204 3966 deponere
1219 3887 1347 3965 voluit;

398 3986 457 4049 sed
484 3982 659 4068 usquead
688 3990 833 4046 mortem
862 3983 973 4064 magis
998 3982 1231 4048 cartusiensis
1259 3986 1352 4050 ordi-

657 4208 664 4241 ¹
675 4211 834 4273 latericium]
851 4213 859 4239 ‘
871 4211 1027 4273 Hieticiam,'
1036 4212 1066 4260 C.
