2970 5016
382 437 447 499 140
639 451 773 499 nocrru
798 451 845 497 uu
869 450 1078 498 wuuuovnn

222 625 345 664 anniae
384 608 521 687 ligaret,
543 615 579 672 et
602 625 677 670 eam
706 609 750 670 ab
775 607 970 671 incursione
998 605 1262 687 malignantium
1285 606 1340 667 in·

385 706 540 770 demnem
565 714 810 784 conservaret3
838 715 873 769 et
888 705 993 788 quod,
1013 706 1185 787 perversis
1202 705 1339 785 iegibus

384 804 582 882 destructis,
611 806 720 868 bonas
749 805 976 868 substitueret
1006 812 1042 868 et
1069 811 1198 867 rectam
1228 803 1337 887 justi·

386 904 469 966 tiam
488 905 523 966 in
543 923 650 985 regno
667 903 807 984 Angliae
828 911 1017 967 exerceret.
1080 903 1214 966 Deinde
1237 902 1339 985 adju·

386 1011 483 1066 ratus
507 1010 561 1065 est
583 1002 626 1064 ab
649 1003 769 1065 eodem
792 1002 1051 1084 archiepiscopo
1079 1021 1124 1065 ex
1146 1009 1246 1084 parte
1270 1001 1338 1064 Dei

386 1110 421 1164 et
435 1100 591 1164 districte
609 1100 814 1182 prohibitus,
833 1119 876 1163 ne
894 1100 1058 1164 honorem
1074 1099 1165 1163 hunc
1181 1100 1338 1180 accipere

387 1207 621 1281 praesumeret,
652 1199 717 1261 nisi
745 1200 782 1260 in
808 1208 922 1262 mente
949 1198 1074 1262 habeat
1102 1217 1218 1280 opere,
1244 1198 1337 1279 quod

382 1297 576 1380 juraverat,
592 1297 801 1378 adimplere3
820 1298 863 1360 ad
882 1297 945 1360 hoc
961 1297 1019 1361 ilie
1035 1298 1246 1378 respondeus
1260 1316 1338 1377 pro-

387 1396 493 1471 misit,
520 1415 640 1477 seper
663 1395 831 1459 auxilium
858 1397 936 1472 Dei,
969 1397 1060 1458 bona
1086 1395 1163 1472 fide,
1188 1414 1232 1459 ea
1258 1415 1338 1477 quac

382 1494 564 1577 juraverat
585 1501 815 1557 servaturum.
877 1494 920 1556 In
948 1495 1100 1557 crastino
1123 1501 1251 1570 autem,
1276 1493 1337 1556 ho·

388 1592 510 1673 magiis
528 1599 563 1655 et
580 1592 805 1656 fidelitatibus
823 1593 985 1674 acceptis,
1003 1593 1142 1656 beatum
1162 1590 1337 1655 Albanum

387 1698 675 1772 protomartyrem
693 1690 831 1771 Angliae
856 1691 1023 1754 orationis
1052 1691 1166 1772 gratia
1190 1690 1338 1754 devotus

387 1789 533 1870 petivit;
565 1796 600 1852 et
625 1790 688 1865 sic,
714 1789 953 1852 brevissimam
983 1789 1019 1852 in
1045 1789 1174 1871 Anglia
1205 1808 1337 1853 moram

388 1887 530 1964 faciens,
555 1906 597 1950 ea
621 1907 700 1970 quae
726 1886 913 1951 statuenda
939 1895 1039 1952 erant
1065 1889 1100 1951 in
1126 1907 1234 1968 regno
1259 1907 1337 1951 cum

387 1985 530 2050 consilio
547 1993 748 2067 magnatum
764 1985 830 2050 rite
847 1987 993 2068 peregit.

427 2157 470 2219 Ut
486 2177 540 2220 rec
554 2157 711 2221 Jolionnea
727 2159 762 2222 iu
776 2159 1010 2222 Normoncicm
1026 2159 1179 2223 uraniam
1193 2158 1304 2223 multos

636 2255 749 2321 nobiles
764 2256 826 2320 aidi
842 2258 1098 2321 reconciliaverit.

440 2372 616 2441 Instante¹
640 2399 723 2443 vero
747 2379 909 2461 deinceps
940 2379 1029 2444 sesto
1053 2380 1146 2443 beati
1166 2378 1341 2443 Johannis

227 2459 277 2536 aira
301 2458 334 2535 ⁰.¹'
390 2475 573 2558 Baptistae,
591 2497 661 2560 qua
679 2478 754 2561 ejus
773 2479 938 2541 nativitas
957 2478 1161 2555 celebratur,
1183 2479 1220 2541 in
1244 2478 1340 2542 Nor·

388 2575 562 2638 manniam
585 2577 845 2655 transfretavit3
869 2584 916 2653 et,
939 2596 1016 2639 cum
1031 2576 1184 2640 venisset
1203 2576 1340 2641 Rotho·

390 2692 541 2754 magum,
564 2674 761 2739 confluebat
786 2674 930 2737 adeum
957 2673 1142 2738 multitudo
1168 2676 1341 2756 equestris

390 2774 563 2837 exercitus
586 2782 623 2837 ct
645 2773 826 2855 pedestris,
849 2792 937 2854 quos
958 2773 995 2835 in
1017 2773 1159 2836 servitio
1180 2792 1244 2837 suo
1267 2793 1342 2837 om-

390 2889 450 2933 nes
478 2871 580 2935 laetus
607 2873 759 2935 retinuit.
815 2870 949 2934 Deinde
972 2870 1127 2934 habitum
1153 2878 1207 2935 est
1231 2872 1340 2937 collo·

390 2969 509 3048 quium
527 2970 617 3031 inter
638 2988 753 3049 regem
777 2968 989 3033 Francorum
1014 2977 1050 3032 et
1067 2969 1193 3050 ipsum,
1213 2969 1249 3031 in
1269 2990 1340 3052 quo

390 3072 533 3129 statutae
550 3074 632 3128 sunt
646 3075 778 3146 treugae
793 3087 902 3149 usque
922 3069 958 3130 in
975 3069 1163 3131 crastinum
1183 3077 1342 3151 assump-

392 3163 496 3225 tionis
522 3163 632 3226 beatae
656 3164 792 3242 Mariae,
814 3175 854 3229 ut
874 3166 985 3229 medio
1007 3173 1161 3248 tempore
1184 3167 1227 3230 de
1251 3187 1340 3248 pace

391 3266 591 3325 tractarent.
645 3262 752 3327 Venit
779 3265 911 3328 interea
933 3264 976 3327 ad
1004 3284 1121 3345 regem
1143 3263 1167 3327 J
1170 3264 1340 3329 ohannem

391 3378 506 3422 comes
540 3360 761 3426 Flandrensis
789 3364 881 3446 apud
914 3361 1187 3444 Rothomagum,
1214 3372 1250 3426 et
1279 3364 1341 3427 alii

392 3458 490 3521 multi
518 3461 649 3523 nobiles
676 3461 719 3523 de
748 3481 854 3542 regno
882 3460 1108 3537 Francorum,
1139 3471 1174 3525 et
1199 3463 1340 3544 pepige-

392 3565 472 3620 runt
487 3557 601 3622 foedus
618 3559 778 3623 amicitiae
800 3579 878 3622 cum
901 3580 954 3636 eo,
977 3561 1068 3623 sicut
1088 3559 1241 3623 fecerant
1262 3580 1341 3624 cum

391 3675 472 3737 rege
496 3655 671 3722 Richardo
693 3666 815 3722 contra
838 3678 952 3740 rogem
975 3658 1207 3736 Francorum3
1231 3659 1343 3724 sacta-

391 3774 458 3835 que
475 3757 660 3821 securitate
689 3757 732 3820 ad
757 3757 917 3834 invicem,
941 3758 1180 3839 unusquisque
1201 3758 1236 3822 in
1261 3779 1341 3840 pro·

391 3854 468 3933 pria
483 3874 559 3918 sese
574 3856 714 3936 recepit.

645 4050 792 4122 ‘Instante.]
812 4056 945 4118 Hovcden,
956 4072 982 4117 p.
995 4060 1053 4106 wa.
