2970 5016
443 461 582 508 rnonns
605 461 874 510 nrsronrnnuu.
1076 449 1140 515 231

233 693 284 755 Do
298 693 519 756 consecratione
535 693 688 778 Hapont's,
706 649 937 758 Lincolnieasis
947 694 1090 779 φὺοορὶ

242 815 373 879 Eodem
396 823 550 897 tempore
577 815 699 898 Hugo,
723 816 975 881 lincolniensis
996 814 1139 897 electus,
1154 836 1277 877 annor.

190 916 377 996 impetrata
392 932 414 978 a
429 934 510 996 rege
529 915 670 980 licentia
691 915 736 979 ad
758 924 876 997 partes
894 917 1139 982 transfretandi
1151 887 1302 1026 Ξῗξιῗεὶῖω

192 1011 404 1088 Gallicanas,
436 1021 476 1078 ut
498 1015 543 1078 ab
573 1014 833 1097 archiepiscopo
862 997 1247 1098 Rothomagensin'nssluff

191 1113 483 1177 consecrationem
511 1114 696 1196 acciperet,
719 1115 883 1180 continuo
909 1124 949 1179 ut
966 1113 1140 1181 Norman-

192 1212 284 1274 niam
299 1212 479 1294 applicuit,
495 1213 642 1293 contulit
655 1232 692 1276 se
710 1206 770 1277 ¹ad
788 1213 1014 1296 Stephanum,
1028 1214 1140 1279 archi-

191 1310 389 1394 episcopum
412 1309 709 1388 cantuariensem,
734 1320 782 1388 et,
804 1310 897 1378 facta
921 1314 952 1377 ei
973 1315 1140 1379 canonica

191 1409 398 1485 obedientia,
417 1410 669 1475 decimotertio
689 1409 856 1474 kalendas
878 1411 902 1475 J
905 1414 1039 1476 anuarii
1064 1433 1139 1477 mu-

192 1528 257 1571 nus
280 1511 325 1573 ab
351 1529 392 1573 eo
419 1510 689 1574 consecrationis
712 1511 869 1592 accepit3
902 1511 975 1587 sed,
1002 1532 1078 1575 cum
1105 1513 1139 1577 id

192 1626 213 1669 a
231 1628 312 1690 rege
329 1616 542 1690 compertum
562 1608 697 1686 suisset,
719 1611 871 1691 suscepit
890 1610 925 1673 in
949 1630 1053 1673 manu
1076 1630 1141 1676 sua

191 1708 429 1789 episcopatum
441 1707 517 1791 jam
535 1707 665 1772 dictum
685 1715 790 1790 atque
805 1708 920 1772 omnia
936 1709 1029 1773 illius
1049 1729 1140 1773 emo-

192 1805 347 1869 lumenta
374 1806 410 1869 in
436 1826 520 1869 usus
551 1826 632 1870 suos
659 1809 843 1884 convertit,
875 1807 1034 1872 Waltero
1056 1828 1141 1890 quo·

192 1924 257 1987 que
286 1905 329 1969 de
363 1904 460 1988 Gray
488 1906 641 1986 sigillum
672 1926 770 1971 suum
801 1907 943 1971 tradens
972 1926 1034 1971 rex
1060 1907 1142 1971 fecit

150 2024 154 2029 ·
191 2023 269 2067 eum
286 2005 542 2081 cancellarium,
564 2006 623 2087 qui
642 2006 679 2068 in
702 2007 861 2069 omnihus
881 2008 979 2088 regni
998 2007 1141 2089 agendis

191 2104 282 2185 regis
301 2103 434 2168 studuit
451 2103 565 2168 facere
590 2105 818 2169 voluntatem.

258 2266 410 2340 Quomodo
425 2266 533 2331 Judar·
547 2266 592 2330 od
608 2267 839 2352 redemptionom
849 2270 1070 2354 pronissimam

549 2366 781 2451 compellantur.

240 2487 344 2553 Anno
362 2490 553 2555 Dominicae
576 2491 771 2555 nativitatis
794 2509 907 2555 noex.
926 2513 989 2555 rex
1008 2492 1030 2555 J
1034 2494 1140 2556 ohan·
1154 2523 1277 2562 annno.

190 2608 251 2652 nes
273 2587 338 2652 fuit
360 2589 404 2652 ad
430 2590 548 2654 natale
576 2590 668 2672 apud
690 2588 963 2666 windleshores,
989 2572 1276 2673 praesen-dalila.

191 2688 283 2752 tibus
304 2689 462 2751 omnibus
484 2687 623 2770 Angliae
652 2690 872 2770 magnatibus
895 2696 930 2753 et
951 2691 1141 2752 communi-

191 2787 350 2850 cantibus
376 2788 419 2864 ei,
444 2807 514 2853 non
540 2790 701 2851 obstante
730 2787 902 2852 sententia
931 2807 1001 2870 qua
1030 2788 1142 2853 fuerat

190 2885 388 2962 innodatus,
420 2906 511 2968 quae,
546 2887 627 2950 licet
662 2905 731 2950 non
767 2887 955 2968 publicata,
989 2889 1141 2950 omnium

191 2992 308 3048 tamen
344 2986 492 3068 partium
527 2985 668 3068 Angliae
704 2985 844 3050 climata
877 2986 1072 3068 pervolavit
1106 2997 1142 3052 et

191 3102 292 3157 aures
320 3084 551 3163 subintravit;
586 3085 744 3151 omuibus
776 3085 865 3149 enim
896 3104 972 3149 sese
1003 3087 1159 3151 subtra-.

192 3182 353 3249 bentibus
374 3203 437 3247 rex
460 3185 581 3249 nocive
599 3183 838 3250 insidiabatur.
891 3184 1038 3262 Deinde,
1060 3205 1141 3268 rege

187 3281 346 3364 jubente,
374 3284 468 3364 capti
496 3291 579 3348 sunt
603 3282 720 3347 Judaei
750 3302 812 3365 per
836 3291 947 3348 totam
976 3282 1141 3365 Angliam

193 3382 372 3463 utriusque
407 3401 512 3445 sexus
545 3391 580 3446 et
609 3383 813 3447 incarcerati
845 3381 1027 3464 poenisque
1060 3403 1141 3464 gra·

192 3481 343 3543 vissimis
377 3480 507 3558 afflicti,
540 3474 596 3545 ²ut
628 3481 670 3544 de
700 3482 847 3563 pecunia
877 3499 940 3544 sua
968 3481 1060 3561 regis
1090 3482 1141 3546 fa-

193 3587 311 3641 cerent
348 3579 577 3657 voluntatem,
614 3600 760 3663 quorum
805 3579 944 3663 quidam
988 3580 1142 3660 graviter

193 3679 275 3740 torti
313 3677 482 3743 dederunt
514 3680 629 3744 omnia
663 3698 740 3762 quae
771 3678 946 3742 habebant
975 3686 1011 3741 et
1041 3678 1143 3759 plura

192 3778 452 3857 promittebant,
475 3784 514 3841 nt
536 3779 586 3840 sic
608 3785 751 3860 possent
772 3777 919 3842 evadere
940 3783 993 3840 tot
1015 3795 1143 3858 genera

1066 3897 1142 3904 -.-

230 3949 292 4001 ¹Ao
316 3946 498 4020 Stephanum]
523 3952 582 4000 who
601 3967 655 4001 was
679 3950 1143 4014 maledicentem]IntheWaverley

192 4021 252 4071 then
275 4028 302 4071 at
322 4023 465 4085 Pontign53
488 4037 531 4071 see
547 4022 657 4083 Tyrrell,
681 4021 779 4070 Annals
796 4023 816 4069 it
832 4023 855 4069 is
875 4021 931 4069 said
945 4020 1000 4069 that
1014 4020 1057 4067 the
1071 4019 1144 4069 Jevvs

193 4093 230 4143 iii.
243 4096 300 4141 vll.
682 4091 792 4139 suffered
811 4092 837 4138 iu
854 4090 930 4139 cattle
947 4090 998 4138 and
1014 4104 1102 4150 money
1118 4095 1144 4137 to

683 4160 726 4208 the
736 4164 840 4208 amount
850 4160 880 4209 oi
887 4159 1008 4221 sixty-six
1018 4159 1144 4209 thousand

229 4227 240 4257 ²
254 4232 289 4279 Ut
300 4232 329 4278 de
345 4230 445 4293 monnio
462 4245 506 4281 sun
517 4230 659 4293 regissncs·
684 4230 785 4291 marku
801 4244 827 4290 p.
841 4233 897 4279 1⁷2.
