2970 5016
458 468 598 516 rnoans
619 469 888 521 arsroarnauir.
1105 462 1149 526 87

196 626 290 687 tione
313 632 431 688 vestra
462 625 621 689 omnibus
652 626 843 707 peregrinis
867 648 977 711 usque
1005 631 1049 695 ad
1085 635 1283 696 tri-nuans.

196 724 333 785 ennium
354 742 519 786 concessa
541 731 577 787 et
599 724 634 785 in
656 743 795 805 poenam
818 730 1146 796 excommunicatis»

197 822 250 883 nis
278 821 411 884 inflicta
445 830 480 885 et
510 821 658 898 firmata,
689 823 802 904 ipsum
825 843 846 887 a
868 829 1145 907 peregrinatione

196 920 390 983 venientem
415 926 451 983 et
479 920 603 983 iterum
636 921 746 984 redire
777 921 1015 1004 disponentem
1044 946 1145 1008 cepe-

197 1024 288 1095 runt,
318 1025 422 1098 atque
446 1020 511 1082 sub
537 1018 694 1082 custodia
724 1020 890 1084 carcerali
923 1022 1144 1090 detrudentes

197 1115 240 1179 ad
270 1115 513 1198 gravissimam
546 1115 791 1200 redemptionis
821 1138 991 1184 summam
1021 1142 1143 1205 coege-

195 1223 285 1279 runt.
329 1214 353 1278 J
357 1216 461 1279 ubeat
478 1234 561 1295 ergo
583 1215 788 1280 excellentia
804 1225 933 1297 vestra,
950 1228 990 1285 ut
1006 1221 1142 1287 obsides

195 1313 324 1376 domini
355 1312 465 1376 nostri
496 1314 599 1395 regia,
630 1314 690 1393 qui
722 1313 835 1379 adhuc
862 1337 925 1398 pro
958 1327 1057 1400 parte
1090 1341 1143 1384 re-

195 1413 413 1494 demptionis,
438 1431 516 1492 quee
542 1410 709 1476 solvenda
736 1421 856 1490 restat,
884 1415 1082 1481 detinentur
1107 1420 1141 1481 in

193 1510 351 1586 vinculis,
371 1509 498 1574 liberos
523 1510 619 1573 exire
640 1509 712 1572 dux
732 1510 791 1573 ille
813 1514 1003 1594 permittat,
1028 1523 1064 1578 et
1085 1536 1142 1597 pe·

194 1609 330 1672 cuniam
350 1608 458 1686 illam,
479 1628 583 1690 quam
602 1628 625 1671 a
641 1608 779 1672 domino
802 1619 922 1675 nostro
944 1631 1142 1677 excommu-

193 1710 326 1771 nicatus
348 1708 490 1789 recepit,
507 1727 553 1772 ex
575 1709 710 1788 integro
730 1709 903 1786 restituat,
921 1730 1054 1775 necnon
1075 1712 1142 1775 sibi

192 1807 330 1888 suisque
371 1805 505 1871 illatam
547 1804 709 1889 injuriam
750 1806 858 1888 digna
902 1809 1142 1874 satisfactione

192 1904 371 1969 emendet.’

275 2079 322 2143 Do
336 2076 642 2143 communicatione
660 2077 750 2142 dacis
764 2077 904 2143 Aeetae
914 2099 978 2164 pro
993 2099 1061 2164 rope

585 2175 754 2240 Rieiordo.

256 2299 412 2380 Cumque
443 2297 519 2361 haec
548 2305 584 2362 et
614 2298 684 2361 alia
716 2298 826 2362 multa
858 2317 975 2364 coram
1006 2319 1140 2364 summo
1152 2321 1261 2362 mera·

192 2397 352 2480 pontifice
375 2397 463 2478 regii
484 2396 597 2460 nuntii
619 2397 842 2478 allegassent,
863 2397 1022 2462 dominus
1048 2382 1283 2482 papaffipmun

1284 2372 1301 2411 ι.

190 2497 283 2560 illico
304 2514 451 2577 surgens
473 2514 549 2558 cum
579 2496 652 2558 suis
679 2495 911 2558 cardinalibus
938 2497 1051 2578 ipsum
1080 2497 1141 2561 du·

193 2614 266 2659 cem
301 2595 503 2657 nominatim
541 2594 852 2658 excommunicavit
881 2600 918 2657 et
947 2596 984 2657 in
1015 2614 1141 2675 genere

193 2711 324 2769 omnes,
347 2693 407 2774 qui
441 2693 477 2755 in
505 2711 620 2773 regem
642 2699 678 2755 et
697 2710 779 2754 suos
802 2710 925 2755 manus
950 2692 1141 2774 injecerant

191 2792 388 2868 violentas3
420 2797 616 2872 terramque
642 2788 739 2852 ducis
768 2796 878 2852 totam
907 2788 1140 2855 ecclesiastico

192 2908 389 2972 supponens
420 2887 602 2952 interdicto
624 2886 818 2951 Veronensi
848 2886 1011 2970 episcopo
1046 2887 1141 2953 dedit

192 2990 227 3050 in
247 2986 430 3062 mandatis,
450 2994 620 3069 quatenus
637 2985 727 3049 hanc
749 2985 923 3048 interdicti
943 2993 979 3048 et
1000 3005 1139 3050 excom-

192 3086 434 3150 municationis
452 3085 658 3148 sententiam
677 3083 822 3165 singulis
843 3083 964 3146 diebus
982 3084 1140 3149 Domini·

192 3186 242 3248 cis
259 3192 294 3248 et
312 3183 445 3248 festivis
465 3203 526 3265 per
544 3189 656 3247 totum
678 3183 831 3247 Austriae
852 3181 1016 3246 ducatum
1033 3184 1140 3249 faciat

192 3283 371 3364 publicari.
416 3280 543 3359 ‘Quod
565 3281 595 3344 si
614 3281 705 3344 idem
727 3280 799 3344 dux
818 3280 990 3345 mandatis
1012 3283 1140 3346 nostris

191 3400 312 3462 parere
327 3379 529 3455 decreverit,
545 3381 581 3442 in
596 3380 724 3444 virtute
739 3379 807 3443 Dei
827 3380 937 3443 eidem
957 3381 1139 3462 praeeipias

192 3485 231 3543 ut
252 3479 388 3542 obsides
414 3479 507 3560 regis
531 3477 727 3560 Anglorum
758 3478 937 3542 universos
967 3479 1139 3556 absolvat,

192 3577 368 3658 pactiones
387 3596 507 3641 omnes
529 3576 674 3653 relaxet,
696 3584 732 3639 et
749 3576 867 3638 ablata
891 3575 956 3639 sibi
976 3594 1038 3656 per
1060 3595 1138 3638 eum

192 3685 227 3740 et
246 3695 341 3752 suos,
362 3687 397 3738 et
419 3694 497 3758 qnae
520 3674 563 3739 de
585 3675 695 3756 ipsius
720 3675 813 3755 regis
837 3673 957 3756 iniqua
980 3672 1138 3761 redemp-

191 3775 284 3838 tione
307 3774 473 3856 percepit,
499 3773 661 3836 nniversa
685 3773 869 3835 restituens
889 3770 1026 3835 eosdem
1046 3772 1139 3835 obsi·

190 3873 250 3936 des
278 3873 385 3937 faeiat
410 3891 488 3935 cum
520 3871 706 3935 securitate
734 3869 778 3933 ad
809 3871 949 3952 propria
974 3889 1138 3944 remeare,

191 3980 235 4047 et,
252 3971 377 4035 amodo
395 3970 481 4034 talia
500 3990 569 4034 non
590 3976 779 4045 attentans,
794 3968 1014 4032 nihilominus
1035 3968 1139 4032 etiam

190 4070 232 4132 de
261 4069 389 4153 injuria
414 4076 450 4133 et
481 4068 616 4132 damnis
648 4086 799 4149 congrue
832 4065 1026 4131 satisfaciat
1052 4066 1138 4131 irro-

191 4168 308 4249 gatis!
