2970 5016
425 478 564 526 neonus
588 479 857 528 ursronrnnuu.
1088 464 1111 526 3

158 635 276 698 omnia
312 634 576 716 disponerentur
613 636 656 698 ad
688 644 806 700 votum
839 636 995 717 reginae3
1031 656 1109 718 quee
1121 651 1243 693 anna

159 735 337 809 continuo,
355 744 499 817 accepta
523 743 707 817 potestate,
729 755 847 799 omues
865 736 1023 818 captivos
1049 756 1111 818 per

160 832 324 914 Angli-am
356 853 378 897 a
407 835 601 897 carceribus
627 835 799 909 liberavit,
825 835 915 898 sicut
939 855 1019 917 quae
1048 856 1109 899 cx-

159 934 351 1015 perimcnto
372 933 550 1008 didicerat,
580 933 770 996 carcerales
797 934 973 997 custodias
999 934 1109 998 homi-

159 1033 260 1095 nibus
276 1033 376 1095 nimis
394 1052 470 1096 esso
486 1033 661 1096 molestas.
716 1032 796 1095 Hiis
817 1033 971 1114 profecto
988 1034 1108 1098 diebus

160 1133 255 1195 venit
288 1132 324 1194 in
354 1132 464 1195 lucem
498 1131 681 1214 prophetia
705 1130 858 1207 Mathai,
885 1132 944 1195 ubi
971 1132 1109 1209 dicitur,

159 1224 326 1312 ‘Aquila'
343 1230 436 1312 rupti
451 1231 591 1294 foederis
610 1231 713 1294 tertia
729 1231 962 1295 nidificatione
979 1234 1110 1313 gaude·

161 1328 233 1393 bit.'
276 1328 407 1411 Aquila
429 1330 597 1412 siquidem
615 1330 737 1409 regina
753 1339 806 1393 est
823 1331 1009 1412 appellata,
1028 1331 1111 1412 quia

161 1428 247 1492 duas
265 1429 340 1491 alas
363 1448 468 1511 super
490 1429 559 1493 duo
582 1447 701 1509 regna,
720 1429 933 1492 Francorum
951 1428 1111 1492 videlicet

161 1535 196 1592 et
212 1526 420 1609 Auglorum‚
436 1528 615 1610 expandit.
657 1527 747 1590 Haec
761 1547 783 1589 a
799 1547 880 1607 rege
897 1527 1109 1591 Francorum

161 1626 337 1708 disjuncta
363 1626 429 1690 suit
452 1636 594 1709 propter
616 1627 954 1707 consanguinitatem
977 1646 1039 1708 per
1060 1626 1111 1689 di-

161 1727 324 1802 vortium,
340 1744 362 1788 a
378 1745 460 1806 rege
476 1723 671 1806 Anglorum
688 1732 873 1807 segregata
891 1724 1028 1789 exstitit
1050 1745 1111 1808 per

160 1825 390 1907 suspicionem
409 1831 445 1887 et
464 1825 658 1888 custodiam
674 1825 902 1903 carceralem
925 1825 976 1887 sic
993 1824 1112 1906 aquila

161 1924 255 2006 rupti
271 1923 410 1986 foederis
426 1924 610 2005 utrobique
625 1923 702 1987 fuit.
755 1922 857 2000 Quod
878 1930 995 1986 autem
1017 1923 1111 1985 addi·

162 2023 225 2099 dit,
235 2028 288 2087 ‘et
300 2021 404 2086 tertia
414 2023 647 2086 nidificatione
657 2022 843 2104 gaudebit,'
855 2023 905 2085 sic
919 2021 1112 2101 intelligere

160 2130 281 2204 potes;
316 2122 565 2204 primogenitus
589 2123 717 2202 reginae
740 2121 843 2198 filius,
866 2121 1003 2184 uomina
1020 2120 1110 2184 Wil-

162 2221 298 2298 lelmus‚
325 2221 361 2283 in
387 2221 510 2302 puerili
539 2227 643 2285 aetate
666 2219 836 2299 decessit;
861 2219 1035 2283 chricus
1059 2237 1113 2283 se-

162 2320 296 2383 cundus
313 2320 349 2383 in
366 2339 481 2402 regem
501 2320 720 2396 sublimatus,
735 2318 907 2383 hostiliter
920 2338 995 2382 cum
1013 2325 1112 2400 patre

162 2438 381 2500 congressus,
407 2426 542 2483 naturae
565 2420 717 2482 debitum
743 2419 869 2496 solvit3
902 2417 1111 2493 Richardus,

163 2518 255 2581 filius
273 2520 348 2601 ejus
371 2519 507 2595 tertius
530 2520 634 2582 tertia
657 2518 890 2581 nidificatione
915 2517 1112 2592 denotatus,

163 2618 266 2681 matri
289 2618 454 2698 gaudium
478 2617 554 2695 suit,
578 2617 638 2700 qui
668 2636 756 2693 eam,
780 2624 820 2679 ut
842 2617 971 2679 dictum
1000 2623 1065 2692 est,
1091 2635 1112 2678 a

162 2717 323 2798 squalore
341 2716 489 2780 carceris
508 2716 679 2780 liberavit.

218 2881 260 2944 Ut
277 2880 342 2943 dun
356 2880 567 2943 Biclordas
554 2901 589 2943 tn
606 2878 759 2963 Anplicm
772 2877 963 2941 coronandae
977 2877 1069 2940 canit.

213 2995 313 3064 Hiis²
338 3002 388 3065 ita
412 3002 599 3084 dispositis,
631 3002 702 3064 dux
730 3001 939 3079 Richardus,
965 3001 1113 3083 singulm
1126 3015 1166 3055 12¹
1126 3015 1238 3105 hurd¹

163 3100 339 3164 hominum
357 3119 497 3165 suorum
513 3101 596 3184 jura
610 3121 675 3165 sua
684 3101 842 3178 reddens
860 3121 970 3184 usque
982 3101 1113 3166 Barbe
1126 3114 1231 3165 nullut

107 3185 112 3195 ²
164 3199 308 3263 fluvium
326 3201 434 3277 venit,
456 3201 516 3263 ubi
541 3202 687 3264 navibus
706 3201 871 3278 ascensis,
894 3195 1002 3283 ³apud
1025 3201 1112 3264 Por-

164 3299 354 3362 tesmuthcs
382 3300 497 3362 idibus
523 3297 678 3380 Augusti
711 3299 900 3382 applicuit3
932 3300 1032 3382 cujus
1055 3300 1114 3363 ad·

164 3406 290 3461 ventus
315 3417 392 3462 cum
418 3407 510 3461 esset
541 3418 602 3479 per
621 3398 788 3480 Angliam
812 3398 1027 3479 divulgatus
1051 3418 1114 3479 ga-

165 3497 230 3560 visi
261 3504 342 3560 sunt
369 3498 481 3560 clerus
511 3504 547 3560 et
568 3498 719 3580 populus
741 3497 784 3560 de
815 3499 968 3561 adventu
994 3498 1116 3578 ipsius,

164 3603 212 3672 et,
226 3595 308 3660 licet
330 3596 471 3678 quidam
493 3597 637 3660 moleste
656 3597 819 3660 tulissent
841 3606 985 3661 mortem
1008 3596 1116 3677 patris

163 3695 268 3772 illius,
285 3696 448 3759 solatium
464 3696 532 3759 illis
549 3696 626 3772 fuit,
640 3698 733 3777 quod
748 3697 888 3778 quidam
907 3696 969 3772 ait,

245 3811 346 3869 ‘Mira
359 3831 467 3881 cauam,
484 3811 534 3870 Sol
548 3812 690 3880 occubuit,
703 3831 760 3869 nox
773 3813 852 3869 nulla
865 3819 961 3869 secuta
975 3807 1038 3867 est.'

201 3980 330 4053 'Aquilo.]
349 3985 407 4034 Vol.
419 3987 437 4034 i.
450 4002 476 4047 p.
489 3991 530 4034 25.
554 3985 628 4034 Com·
688 3982 968 4045 'Hiiritudirpositir.]
987 3983 1120 4044 moverer,

163 4068 224 4115 pare
240 4054 283 4103 the
298 4055 503 4115 interpretatione
521 4057 555 4115 by
567 4055 629 4101 Ala·
654 4069 680 4114 p.
692 4056 750 4100 646.

164 4138 213 4171 uus
228 4123 261 4172 de
279 4124 385 4187 lunulis,
401 4125 443 4174 ed.
456 4129 529 4183 1608,
545 4139 571 4185 p.
589 4128 630 4183 98,
688 4119 779 4184 'Apud
788 4114 991 4188 Portesmntdes]
1015 4121 1084 4170 John
1095 4126 1122 4169 at

164 4206 229 4255 seqq.
655 4189 697 4240 the
708 4205 777 4239 same
795 4190 854 4238 time
870 4189 963 4239 lauded
980 4196 1006 4238 at
1019 4191 1121 4250 Dover;

658 4260 789 4309 Benedict.
801 4259 868 4308 ΑΜ).
882 4274 907 4321 p.
921 4264 979 4309 552.

939 4351 982 4394 1³2
