2970 5016
341 427 407 492 306
599 437 733 486 nonunt
756 437 803 484 nu
827 436 1036 484 wuunovua

185 633 307 675 enno.
344 600 429 675 suis,
456 603 492 661 et
518 596 584 660 hoc
610 595 738 671 modo;
774 614 838 660 nos
861 593 930 669 vel,
959 594 989 657 si
1016 601 1120 656 extra
1149 608 1289 670 regnum

184 685 268 774 {12¹3
344 699 520 770 fuerimus,
565 694 725 777 capitalis
766 694 982 777 justiciarius
1026 699 1146 756 noster
1181 689 1291 751 mittet

342 796 555 881 justiciarius
587 801 724 857 nostros
756 812 818 875 per
841 808 1119 874 unumquemque
1149 789 1289 851 comita·

348 906 420 961 tum
447 893 553 958 semel
574 894 611 955 in
633 911 739 968 auno,
764 891 823 973 qui
850 910 928 955 cum
955 890 1123 953 militibus
1152 887 1292 950 comitu-

348 1004 445 1058 tuum
473 993 614 1074 capiant
633 992 670 1054 in
696 991 918 1054 comitatibus
943 989 1070 1053 assisas
1093 986 1292 1069 praedictas3

349 1101 386 1157 et
407 1110 462 1168 ea,
490 1089 628 1173 quaein
658 1088 719 1153 illo
747 1089 900 1154 adventu
928 1107 992 1152 suo
1017 1088 1054 1150 in
1076 1085 1294 1150 comitatibus

350 1211 412 1274 per
433 1189 645 1274 Justiciarios
670 1187 868 1269 praedictos,
887 1187 935 1250 ad
956 1186 1142 1271 praedictas
1170 1185 1295 1248 assisas

351 1288 536 1371 capiendas
565 1288 701 1363 missos,
732 1286 908 1350 terminari
943 1304 1012 1349 nou
1048 1292 1210 1367 possunt,
1240 1304 1297 1366 per

352 1388 491 1453 eosdem
513 1386 741 1450 terminentur
765 1385 850 1448 alibi
871 1386 907 1447 iu
926 1385 1050 1448 itinere
1071 1402 1156 1462 sno;
1190 1389 1226 1446 et
1248 1402 1297 1458 ea,

353 1507 432 1569 quae
465 1506 540 1568 perr
556 1485 694 1549 eosdem
725 1491 867 1566 propter
898 1482 1135 1547 difficultatem
1166 1482 1298 1564 aliquo-

355 1605 430 1649 rum
461 1584 685 1648 articulorum
714 1581 891 1647 terminari
921 1601 987 1645 uon
1023 1589 1182 1664 possunt,
1215 1582 1298 1645 rese·

356 1691 478 1747 rantur
504 1682 548 1745 ad
576 1681 790 1765 justiciarius
818 1689 956 1745 uestros
985 1681 1028 1745 de
1057 1682 1170 1744 banco
1199 1681 1299 1744 stibi

355 1781 595 1847 terminentur.
654 1763 797 1844 Assisae'
813 1780 856 1843 de
885 1780 1007 1844 ultima
1037 1780 1300 1862 praesentatione

357 1881 580 1945 ecclesiarum
610 1898 746 1960 semper
782 1879 966 1960 capiantur
997 1898 1113 1943 coram
1143 1878 1300 1962 justicia·

359 1981 419 2044 riis
448 1980 490 2042 de
519 1980 642 2053 banco,
664 1987 700 2042 et
717 1978 765 2042 ibi
782 1978 1020 2041 terminentur.
1073 1976 1178 2040 Liber
1204 1977 1301 2041 homo

359 2098 429 2141 uon
459 2078 664 2141 amercietur
693 2096 756 2158 pro
786 2095 896 2158 parvo
926 2076 1064 2151 delicto,
1089 2076 1157 2139 nisi
1185 2096 1303 2140 secun·

359 2176 440 2238 dum
456 2174 594 2238 modurn
611 2175 720 2256 ipsius
735 2174 864 2252 delicti,
882 2183 917 2239 et
937 2195 1000 2257 pro
1018 2193 1146 2257 magno
1168 2175 1303 2251 delicto,

360 2272 549 2339 secuudum
567 2273 840 2354 magnitudinem
865 2273 992 2347 delicti,
1014 2273 1112 2337 salvo
1133 2281 1304 2338 tenemen-

362 2380 399 2436 to
429 2390 519 2449 sno;
552 2379 587 2434 et
611 2378 783 2436 mercator
805 2372 924 2435 eodem
952 2371 1066 2449 modo,
1089 2371 1192 2436 salva
1222 2390 1305 2436 mar-

362 2469 529 2533 chandisa
551 2488 640 2548 sua3
671 2477 707 2533 et
725 2469 875 2534 villanus
900 2471 1043 2534 alterius
1063 2490 1169 2553 quam
1192 2480 1307 2535 noster

362 2570 482 2633 eodem
508 2569 610 2633 modo
631 2569 848 2645 amercietur,
869 2569 968 2632 salvo
987 2571 1172 2651 waunagio
1194 2590 1260 2634 suo
1281 2571 1306 2634 si

362 2666 522 2734 inciderit
543 2668 579 2730 in
610 2666 877 2730 misericordiam
909 2675 1076 2733 nostram.
1145 2669 1192 2733 Et
1215 2671 1308 2734 nulla

364 2765 604 2848 praedictarum
637 2763 944 2830 misericordiarum
971 2774 1133 2848 ponatur,
1159 2769 1227 2833 nisi
1250 2790 1308 2852 per

364 2872 618 2928 sacramentum
640 2865 824 2945 proborum
840 2873 876 2929 et
892 2865 1056 2947 legalium
1073 2866 1253 2933 hominum
1269 2870 1308 2933 de

365 2964 502 3026 visneto
534 2963 731 3026 comitatus.
805 2963 957 3028 Comites
992 2971 1028 3028 et
1055 2965 1204 3029 barones
1245 2988 1309 3033 nou

367 3059 596 3123 amercientur
621 3060 687 3123 nisi
714 3080 776 3142 per
799 3081 901 3143 pares
922 3082 1017 3139 snos,
1043 3071 1079 3127 et
1101 3067 1239 3130 nonnisi
1262 3088 1311 3131 se-

367 3157 515 3221 cundum
532 3157 671 3222 modum
688 3159 816 3223 delicti.
862 3159 971 3224 Nulla
987 3162 1223 3228 ecclesiastica
1238 3186 1312 3248 per-

367 3275 454 3320 sona
476 3258 680 3321 amercietur
700 3259 889 3322 secundum
906 3260 1136 3342 quantitatem
1157 3264 1310 3328 beneficii

369 3355 423 3418 sui
445 3356 681 3431 ecclesiastici,
697 3357 757 3420 sed
780 3359 965 3422 secuudum
992 3359 1117 3423 laicum
1142 3368 1313 3427 tenemen-

371 3463 442 3517 tum
458 3474 558 3518 snnm
574 3461 608 3517 et
626 3456 813 3519 secundum
830 3459 1060 3538 quantitatem
1077 3459 1205 3523 delicti.
1242 3463 1312 3526 Nec

371 3553 455 3616 villa
477 3572 540 3616 uec
564 3553 664 3615 homo
684 3553 913 3635 distringatur
929 3556 1041 3620 facere
1063 3564 1187 3639 pontes
1208 3561 1252 3624 ad
1274 3564 1314 3625 ri·

371 3652 500 3732 pariae,
522 3653 588 3715 nisi
607 3652 666 3733 qui
689 3651 732 3714 de
755 3654 898 3736 antiquo
919 3662 954 3718 et
968 3654 1048 3738 jure
1069 3656 1184 3721 iacere
1204 3660 1314 3724 debet.

373 3749 482 3812 Nulla
499 3750 628 3831 riparia
647 3750 689 3813 de
709 3759 834 3816 caetero
851 3751 1063 3830 defendetur,
1080 3754 1146 3817 nisi
1163 3757 1224 3821 illa
1240 3760 1314 3840 quse

372 3848 484 3912 suerat
500 3849 534 3910 in
555 3848 696 3913 defenso
712 3858 865 3932 tempore
888 3850 1034 3916 Henrici
1052 3854 1142 3934 regis
1165 3857 1223 3918 avi
1242 3876 1314 3920 uos-

373 3947 429 4009 tri.
484 3945 611 4008 Nullus
634 3948 836 4025 vicecomes,
861 3952 1151 4027 constabularius,
1175 3973 1314 4019 corona·

373 4052 440 4120 tor,
456 4044 511 4107 vel
531 4045 590 4107 alii
608 4046 728 4110 ballivi
749 4049 858 4111 nostri
875 4056 1016 4113 teneant
1033 4051 1164 4132 placita
1184 4073 1315 4118 coronae

374 4151 514 4207 nostrae.
561 4143 598 4205 Si
621 4144 745 4226 aliquis
767 4154 888 4210 tenens
910 4148 953 4212 de
977 4150 1076 4212 nobis
1100 4150 1227 4215 laicum
1251 4152 1314 4216 seo·
