2970 5016
250 848 306 890 ab.
317 849 373 888 11⁹⁰.

250 898 320 938 nuth
329 898 353 937 of

251 947 354 994 holdrin,

250 996 349 1037 trehblsh

251 1007 376 1086 demus?

252 1097 312 1146 assy.

409 467 453 530 ad
666 482 798 529 nocnnr
828 476 874 528 ns
900 479 1102 527 wnunovnn

456 709 506 773 De
520 717 614 773 utorio
629 706 821 783 Ballienses,
840 706 1077 770 Oootaarieasis
1090 704 1323 791 archiepiscopi.

478 832 608 896 Eodem
640 840 795 914 tempore
830 831 1064 907 Baldewinus,
1099 830 1362 895 Cantuariensis

412 930 704 1013 archiepiscopus,
720 931 800 994 dum
817 929 909 1013 apud
925 929 1049 994 Achon
1061 922 1114 991 ¹in
1131 929 1296 993 extremis
1309 929 1362 994 la-

412 1031 562 1106 boraret,
573 1031 689 1094 omnia
702 1048 766 1092 sua
780 1028 823 1092 ad
837 1027 1099 1093 subventionem
1115 1034 1216 1091 terrae
1230 1036 1363 1093 sanctae

413 1129 563 1209 legavit3
591 1136 670 1210 post
692 1127 791 1211 cujus
818 1128 997 1191 decessum
1024 1125 1218 1203 Rubenius,
1242 1126 1364 1191 Seres-

413 1228 571 1291 biriensis
600 1228 795 1309 episcopus,
820 1227 864 1289 ab
889 1245 930 1290 eo
954 1232 1121 1289 executor
1150 1226 1360 1290 constitutus

414 1325 561 1390 fideliter
588 1326 680 1390 bona
712 1326 821 1408 ipsius
853 1326 911 1406 pia
942 1325 1143 1404 erogatione
1173 1324 1362 1402 distribuit,

414 1432 450 1489 et
476 1425 518 1488 de
543 1434 734 1490 castrorum
763 1424 918 1488 excubiis
944 1441 1160 1505 summopere
1192 1423 1363 1487 sollicitus

414 1524 581 1587 militibus
611 1523 735 1604 viginti
766 1530 802 1587 et
835 1522 1065 1586 servientibus
1096 1522 1361 1604 quinquaginta,

414 1623 505 1687 sicut
527 1623 728 1693 decreverat
749 1620 838 1684 idern
865 1619 1143 1702 archiepiscopus
1174 1620 1287 1684 adhuc
1310 1622 1362 1686 vi·

415 1741 512 1797 vens,
532 1741 594 1803 per
614 1720 687 1783 dies
709 1720 876 1802 plurimos
898 1719 1015 1782 dehita
1036 1718 1209 1799 stipendia
1231 1721 1362 1803 persol-

415 1820 478 1896 vit,
496 1839 688 1902 pauperum
709 1838 844 1900 semper
861 1836 977 1882 curam
998 1837 1118 1899 agens,
1136 1810 1239 1899 ²erga
1256 1818 1362 1884 desti-

416 1926 512 1983 tutos
527 1917 658 1981 auxilio
672 1917 915 1982 misericordiae
931 1917 1032 1981 oculo
1054 1916 1244 1988 reflectens.
1261 1916 1364 1982 offici·

415 2036 474 2080 um
506 2017 587 2079 boui
613 2015 772 2097 praesulis
799 2035 861 2097 per
882 2017 998 2080 omnia
1018 2015 1175 2097 implens.
1228 2015 1363 2081 Civitas

416 2133 499 2178 vero
514 2113 637 2179 Achon
659 2113 867 2180 Christianis
887 2122 967 2197 post
988 2113 1115 2177 multos
1130 2113 1280 2179 insultus
1297 2114 1364 2180 sor·

416 2214 498 2277 titer
513 2214 652 2289 restitit,
664 2214 747 2296 qnia
761 2214 881 2289 muris,
897 2214 1059 2293 gentibus
1074 2220 1110 2277 et
1125 2213 1293 2277 machinis
1309 2234 1364 2278 sa-

415 2313 461 2375 tis
487 2319 562 2376 erat
586 2314 731 2389 munita,
753 2320 788 2376 ct
810 2312 1017 2376 Salaadinus
1039 2311 1131 2376 circa
1152 2312 1363 2378 obsidionem

414 2412 604 2476 exercitum
630 2432 730 2475 suum
755 2411 906 2493 undique
931 2411 1175 2492 conglobatum
1203 2410 1365 2489 habebat,

416 2509 506 2574 unde
528 2518 600 2574 tum
626 2511 669 2574 de
690 2510 926 2575 subtractione
949 2508 1236 2587 Christianorum,
1259 2530 1363 2593 quum

416 2607 458 2671 de
470 2609 653 2674 amissione
668 2609 793 2673 ibidem
808 2616 1033 2685 mortuorum,
1042 2601 1233 2673 'exercitus
1244 2609 1363 2674 Chris-

416 2707 443 2769 ti
465 2716 540 2772 erat
562 2709 704 2772 nimium
726 2708 949 2785 imminutus3
978 2714 1203 2772 veruntamen
1224 2701 1363 2773 ⁴Chris-

415 2806 502 2870 tiani
534 2806 577 2871 de
608 2805 844 2871 consolatione
873 2805 1003 2870 Christi
1035 2805 1256 2884 confidentes,
1288 2828 1363 2873 rno-

414 2903 534 2969 lestias
561 2904 750 2969 obsidionis
778 2912 814 2969 et
843 2905 991 2980 labores,
1020 2906 1201 2986 usquead
1234 2906 1364 2972 adven·

415 3009 489 3064 tum
516 3022 636 3084 regum
659 3011 802 3085 sperant
826 3022 864 3067 se
886 3022 987 3084 posse
1009 3005 1191 3081 sustinere,
1214 3006 1244 3068 si
1266 3007 1362 3070 vide·

414 3099 497 3164 licet
518 3101 610 3165 circa
632 3121 779 3184 sequens
808 3100 946 3166 Pascha
966 3102 1133 3179 venerint,
1157 3104 1212 3166 sin
1234 3113 1362 3183 autem,

414 3205 451 3260 et
467 3200 615 3278 pecunia
635 3198 771 3264 deliciet
794 3208 828 3264 et
850 3219 930 3282 spes
951 3208 1096 3264 terrenae
1116 3202 1363 3267 consolationis

414 3305 606 3360 evanescet.

451 3466 459 3500 ¹
473 3470 504 3519 la
520 3471 637 3520 saturnis
651 3468 798 3541 laboraret]
816 3474 879 3522 Vin·
903 3477 946 3520 not
953 3472 1040 3521 unlike
1052 3474 1220 3536 ‘nunc,’used
1228 3475 1266 3524 ior
1277 3477 1365 3527 ‘mise-

415 3538 486 3588 saulf
499 3540 545 3588 bas
562 3540 682 3590 recorded
693 3542 733 3591 hie
744 3543 794 3592 last
804 3558 879 3604 pray·
902 3537 1035 3591 ricerdis!

415 3623 452 3670 er,
464 3624 490 3670 p,
502 3613 560 3659 298,
937 3608 1090 3660 'Exadius
1098 3611 1365 3665 Chrisllmifli‘nt'm

901 3676 1079 3748 imminuta]
1099 3682 1252 3732 ‘Exercitui
1270 3684 1364 3735 Christi

451 3736 571 3804 'Erga.]
591 3742 736 3804 Accordlng
752 3747 778 3790 lo
795 3743 877 3804 Wale,
901 3754 956 3797 erat
964 3750 1039 3798 nimis
1049 3745 1184 3812 inimicus‚'
1193 3751 1223 3801 C.

417 3807 459 3857 the
480 3810 586 3871 reading
607 3811 634 3859 in
655 3812 685 3861 C.
703 3812 776 3861 stood
796 3814 877 3874 ‘ergo
937 3816 946 3844 ⁴
966 3818 1104 3867 christiani
1139 3820 1169 3868 de
1206 3823 1365 3873 mistione

416 3877 550 3928 destitutos
567 3880 663 3929 anxilio
677 3895 744 3930 nunc
754 3882 876 3931 oculere·
903 3886 999 3938 Christi
1014 3887 1181 3952 eonstdmlea]
1201 3889 1255 3940 'l'he
1277 3894 1365 3942 suffer·

417 3943 540 4007 deciens;'
557 3949 602 3997 but
615 3949 637 3997 it
652 3949 675 3998 is
691 3951 810 4011 probabis
821 3950 876 4000 that
900 3955 958 4018 inge
965 3956 994 4005 oi
1001 3956 1044 4006 the
1052 3957 1222 4020 besiegedare
1231 3960 1365 4011 described

416 4014 448 4064 he
457 4030 511 4066 was
519 4017 608 4067 misled
616 4018 650 4081 by
658 4018 701 4067 the
712 4021 874 4083 contractiori,
900 4029 927 4073 at
937 4026 1024 4087 length
1035 4028 1192 4088 hyVinsaui,
1200 4043 1226 4089 p.
1235 4033 1293 4093 298,
1301 4047 1365 4095 seqq.
