2970 5016
378 473 519 522 enonas
541 474 814 523 ursronmnuu.
1004 459 1069 525 121

117 641 153 697 et
171 630 450 714 archiepiscopus
465 631 652 713 praedictus
666 637 702 694 et
718 650 935 695 successores
958 632 1011 695 sui
1034 632 1070 695 in
1084 650 1138 691 nn.
1149 647 1207 690 rur.

117 738 338 814 perpetunm3
357 724 441 792 ¹biis
456 730 614 793 testibus.
651 730 797 794 Factum
811 739 865 793 est
876 737 993 793 autem
1005 731 1071 796 hoc

118 829 327 893 escambium
346 827 439 910 apud
454 828 714 910 Rothomagum
734 847 826 892 anno
847 830 970 909 gratiae
992 830 1070 892 mil·

116 929 236 991 lesimo
264 927 453 990 centesimo
485 927 709 1007 nonagesimo
741 926 889 1009 septimo
918 935 954 992 et
976 946 1069 992 anno

117 1027 216 1106 regni
233 1025 343 1088 nostri
358 1019 526 1088 'octavo'

117 1197 184 1259 Iter
195 1195 378 1261 Richardus
392 1217 501 1281 corpas
509 1195 610 1260 macti
627 1195 777 1260 Walerici
791 1196 827 1261 iu
835 1196 1070 1265 Numenium

248 1295 423 1372 transtulit,
437 1305 466 1360 ot
479 1316 572 1359 moos
588 1293 635 1358 ibi
648 1295 762 1359 multas
776 1294 945 1359 combassit.

169 1409 317 1479 Eodem⁸
335 1424 488 1500 tempore
504 1423 707 1497 suggestum
725 1424 778 1479 est
791 1436 866 1496 regr
857 1417 1069 1495 Richardo,
1081 1443 1178 1483 rma

120 1514 211 1594 quod
229 1533 337 1578 naves
352 1535 395 1577 ex
413 1515 544 1596 Anglia
564 1515 681 1578 venire
704 1526 957 1578 consueverant
978 1494 1103 1630 apud⁸
1081 1493 1187 1583 sumi?

122 1620 281 1676 sanctum
292 1613 503 1687 Walericum
522 1614 565 1676 ad
582 1612 801 1676 deferendum
816 1612 981 1677 victualia
997 1615 1070 1696 regi

126 1710 338 1774 Francorum
364 1720 400 1776 et
425 1712 539 1775 aliis
529 1711 677 1774 mimicis
704 1711 797 1789 suis;
829 1710 922 1773 facta
952 1711 1071 1792 itaque

120 1808 202 1872 illuc
219 1810 444 1890 equitatione,
463 1809 580 1874 villam
597 1809 796 1886 combussit,
811 1808 998 1873 monachos
1013 1810 1072 1874 de·

120 1906 263 1983 struxit,
279 1907 443 1971 feretrum
458 1909 570 1972 sancti
584 1905 750 1970 Walerici
767 1927 846 1970 cum
862 1907 1016 1989 reliquiis
1034 1909 1071 1971 in

124 2003 375 2069 Normanniam
399 2006 607 2070 transvexit.
673 2005 717 2067 In
741 2013 844 2087 portu
868 2013 983 2069 autem
1009 2006 1071 2071 illo

123 2121 229 2167 naves
246 2123 291 2167 ex
310 2102 441 2185 Anglia
462 2104 595 2168 invenit
617 2102 789 2167 frumento
809 2113 845 2167 et
862 2104 1071 2169 victualibus

120 2209 276 2279 onustas,
292 2221 437 2283 quarum
452 2210 578 2265 nautas
596 2203 760 2283 suspendi
774 2204 951 2285 praecepit,
974 2205 1072 2267 navi·

121 2299 254 2381 busque
283 2301 482 2378 combustis,
509 2299 675 2365 victualia
701 2301 775 2363 suis
802 2301 969 2367 militibus
996 2322 1071 2366 ero-

121 2399 229 2477 gavit.

205 2560 247 2627 Ut
263 2582 318 2627 rec
332 2561 515 2629 Rielcrdm
531 2562 675 2727 palmitem
682 2562 909 2630 chdreuem
924 2560 985 2629 atti

516 2684 533 2727 o
564 2662 664 2747 iponit

167 2775 252 2847 Per4
263 2783 353 2848 idem
367 2790 503 2866 tempus
519 2804 579 2848 rex
592 2782 801 2860 Richardus,
814 2781 906 2846 datis
920 2781 1069 2845 muneri-
1083 2807 1178 2849 nosue

121 2883 198 2959 bus,
225 2901 344 2946 omnes
369 2882 412 2946 de
436 2902 544 2963 regno
567 2883 777 2946 Francorum
803 2880 1043 2963 potentiores
1033 2901 1068 2945 m
1083 2859 1198 2947 mma·

123 3000 177 3044 sur
168 2980 498 3059 'savoremallexit3
524 2981 737 3056 Baldewino,
748 2979 865 3043 comiti
884 2978 1070 3058 Flandriae,
1083 2957 1191 2997 mm

122 3098 186 3161 pro
205 3078 337 3142 auxilio
360 3080 513 3161 quinque
536 3080 644 3143 millia
668 3097 802 3142 marcas
827 3078 961 3158 argenti
988 3097 1071 3142 con-

122 3177 214 3254 tulit,
237 3177 301 3241 et
291 3196 366 3258 lpse
382 3197 456 3257 regi
448 3177 607 3241 obsides
623 3176 777 3255 tradidit,
792 3175 929 3257 quod'
902 3195 976 3239 sme
993 3178 1069 3260 ipso

122 3293 192 3337 non
209 3281 429 3357 componeret
442 3294 519 3337 cum
537 3295 619 3356 rege
636 3276 859 3338 Francorum.
900 3274 1070 3356 Campani

118 3391 200 3435 cum
238 3374 451 3449 Britonibus,
482 3373 602 3437 relicto
633 3392 713 3453 rege
746 3373 970 3448 Francorum,
996 3372 1070 3453 regi

123 3470 299 3533 Richardo
321 3471 550 3536 adhaeserunt.
602 3471 797 3535 Willelmus
825 3469 964 3550 Crepin,
988 3488 1069 3533 con-

122 3569 333 3632 stabularius
351 3569 394 3632 de
412 3567 519 3651 Augi,
546 3570 618 3649 regi
641 3567 835 3649 Anglorum
857 3568 893 3629 vi
915 3567 1069 3648 compul-

122 3685 183 3729 sus
205 3666 295 3729 idem
312 3667 493 3731 castellum
509 3666 668 3743 reddidit,
692 3666 783 3750 quod
804 3684 866 3727 rex
889 3663 1069 3729 confestim

122 3765 289 3844 munivit3
307 3772 344 3829 et
360 3784 423 3828 rex
436 3765 660 3841 Francorum,
678 3764 832 3828 exercitu
847 3769 1070 3842 congregato,

156 3930 164 3961 ¹
174 3931 237 3980 iliis
247 3931 374 3992 testim]
395 3932 449 3981 The
461 3947 547 3981 names
559 3932 588 3980 oi
642 3928 654 3961 ⁸
665 3933 754 3980 Eodem
772 3934 883 3993 tempore.
895 3927 908 3991 ]
937 3927 1071 3992 Heredes,

120 4000 164 4049 the
182 4003 315 4050 witnesses
337 4016 380 4051 are
402 4001 437 4050 all
457 4002 531 4062 given
551 4001 583 4062 by
609 4016 634 4061 p.
647 4005 705 4050 770.

120 4069 223 4131 Diceto,
234 4071 282 4120 col.
294 4074 352 4121 699.

155 4137 274 4190 'Oetaea
275 4135 351 4208 ]Tbc
361 4138 419 4190 rou
427 4138 456 4188 oi
460 4139 583 4199 October
574 4134 671 4254 btl
661 4136 713 4185 Per
724 4135 786 4185 idem
799 4139 899 4197 tenpus.
908 4135 920 4199 ]
939 4133 1072 4198 Heredes,

120 4208 186 4258 ibid.
608 4220 644 4253 11
