2970 5016
369 481 508 529 ruouss
531 482 802 533 ursronranuu.
1018 471 1060 533 91

107 639 237 714 verba3
262 630 290 670 ¹‘
307 636 383 700 Nos
406 638 537 720 itaque,
559 639 620 720 qui
637 639 748 722 ipsum
773 659 888 722 regem
909 640 1059 706 Franco·
1074 656 1127 696 tn·
1140 658 1196 694 ¹¹⁹⁵·

107 757 183 800 rum
218 735 416 818 specialiter
450 737 486 800 in
522 737 712 802 visceribus
743 740 872 802 nostris
905 741 1061 805 caritatis

107 835 296 917 diligimus,
319 854 381 917 per
403 835 567 900 dilectum
590 835 697 900 filium
721 844 877 901 nostrum
897 831 955 902 ¹0.
979 842 1062 904 sub·

107 935 303 1010 diaconum,
323 933 523 1015 apostolicae
543 934 636 998 sedis
655 935 808 1017 legatum
831 935 875 1000 nd
897 937 963 1002 hoc
982 958 1062 1022 spe-

108 1034 242 1097 cialiter
263 1032 419 1109 missum,
442 1033 643 1114 rogavimus
665 1034 823 1112 eundem,
844 1043 884 1099 ut
906 1037 1059 1118 reginam

109 1151 219 1209 snam,
244 1149 349 1213 quam
373 1151 395 1195 a
417 1150 455 1194 se
479 1132 624 1196 consilio
649 1133 767 1215 iniquo
793 1144 984 1213 amoverat,
1009 1136 1060 1199 af·

110 1230 201 1295 fectu
218 1230 370 1294 maritali
388 1237 566 1307 tractaret,
583 1250 646 1295 nec
666 1232 736 1295 illis
754 1251 855 1296 aures
872 1252 1063 1299 accommo-

110 1328 191 1393 dare
208 1335 357 1406 curaret,
379 1330 439 1411 qui
462 1348 525 1411 pro
548 1327 645 1394 lucro
665 1339 839 1412 reputant,
856 1332 886 1394 ei
902 1341 1061 1413 possunt,

109 1427 199 1491 inter
212 1428 349 1508 aliquos
363 1428 478 1491 odium
491 1435 527 1491 et
538 1428 745 1493 discordiam
759 1428 941 1495 seminare.
975 1431 1062 1495 Inde

110 1534 175 1603 est,
195 1527 288 1609 quod
309 1526 405 1590 illam
426 1526 567 1591 divortii
590 1529 811 1603 sententiam,
833 1536 954 1592 contra
971 1529 1062 1613 juris

109 1626 265 1689 ordinem
281 1625 465 1707 prolatam,
481 1625 524 1688 de
540 1624 686 1689 fratrum
703 1633 900 1690 nostrorum
918 1628 1062 1692 consilio

110 1724 248 1806 penitus
270 1724 458 1801 irritantes,
478 1723 689 1789 fraternitati
707 1733 776 1789 tuae
791 1744 853 1806 per
870 1727 1062 1808 apostolica

110 1824 241 1905 scripta
262 1823 467 1887 mandamus
489 1823 633 1886 firmiter
659 1831 695 1888 et
720 1823 951 1906 praecipimns,
974 1844 1060 1908 qua·

111 1930 224 1997 tenus,
244 1922 274 1984 si
295 1921 482 2004 praedictus
505 1941 580 1998 rex,
609 1923 677 1986 ista
699 1923 850 1998 vivente,
872 1923 976 1986 aliam
1001 1944 1060 1988 su·

110 2020 296 2102 perducere
317 2020 478 2097 voluerit,
494 2039 558 2084 vos
581 2021 789 2085 auctoritate
811 2023 1003 2104 apostolica
1026 2023 1060 2087 id

109 2120 219 2184 eidem
236 2118 389 2182 inhibere
406 2113 557 2183 curetis!

139 2292 321 2357 Admonitio
329 2312 425 2377 popa
438 2291 586 2377 episcpo
601 2293 727 2377 Acylla»
734 2295 830 2378 saeta
838 2316 902 2379 pro
915 2294 1031 2380 nepotis

373 2404 376 2409 ’
478 2400 568 2454 torre
581 2401 701 2456 macte.

176 2514 281 2577 Circa
307 2513 381 2576 dies
413 2514 499 2577 istos
527 2531 619 2595 papa
650 2514 858 2579 Caelestinus
890 2514 1200 2622 Hubefw’ffiffi‘·

113 2612 357 2677 cantuariensi
374 2610 645 2695 archiepiscopo,
662 2613 807 2696 ejusque
822 2612 1063 2692 suffraganeis,
1075 2630 1225 2720 diffide

111 2731 176 2794 pro
205 2712 346 2793 negotio
373 2719 474 2774 terrae
502 2718 633 2774 sanctae
661 2712 800 2792 scripsit
825 2712 915 2773 inter
937 2717 1206 2778 ueteranorum.

113 2812 148 2873 in
166 2810 260 2873 hunc
277 2808 439 2888 modum;
462 2803 490 2843 ³‘
505 2809 580 2872 Vos
603 2816 732 2885 antem,
749 2809 873 2871 fratres
894 2806 1063 2889 archiepi-

113 2928 217 2991 scope
235 2916 271 2971 et
290 2908 455 2989 episcopi,
473 2909 599 2989 quibus
619 2926 703 2971 cura
724 2907 915 2970 animarum
938 2914 974 2969 et
995 2903 1064 2968 sol·

113 3006 257 3071 lieitndo
276 3006 460 3070 commissa
476 3015 543 3083 est,
561 3007 720 3087 precibus
739 3007 910 3069 instantes
928 3003 972 3067 ad
993 3004 1065 3067 Do-

113 3107 242 3169 minum
269 3105 484 3167 incessanter
509 3104 692 3188 subjectos.
712 3105 811 3168 vobis
839 3103 986 3186 populos
1010 3103 1063 3166 in·

113 3204 261 3280 ducatis,
283 3210 335 3278 ut,
360 3210 539 3284 assumpto
565 3203 676 3267 crucis
701 3202 894 3285 signaculo,
916 3202 960 3266 ad
982 3222 1063 3266 cou-

113 3302 277 3366 futandos
296 3300 376 3364 fidei
399 3300 606 3364 Christianae
625 3309 861 3383 persecutores
881 3302 1065 3381 accingan-

114 3409 193 3480 tur3
222 3419 401 3482 speramus
422 3399 591 3481 siqnidem
614 3408 650 3463 et
671 3419 734 3463 vos
760 3419 898 3482 sperare
919 3400 1065 3473 debetis,

113 3498 206 3580 quod
231 3499 403 3562 Dominus
425 3498 460 3560 iu
482 3499 588 3561 verbo
607 3499 864 3580 praedicationis
883 3505 919 3560 et
938 3496 1066 3558 oratio-

113 3598 167 3660 nis
183 3605 309 3661 vestrae
329 3604 404 3660 rete
424 3596 560 3660 laxabit
582 3598 618 3659 in
637 3605 830 3678 capturam,
852 3603 888 3659 et
910 3594 997 3657 tales
1020 3593 1064 3655 ad

111 3695 344 3759 defensionem
370 3696 548 3759 orientalis
570 3695 758 3777 provinciae
781 3695 953 3778 propitius
972 3691 1066 3754 exci-

113 3794 214 3870 tabit,
236 3813 382 3875 quorum
402 3795 519 3875 potius
540 3793 718 3875 exigentia
739 3794 938 3856 meritorum
960 3808 1064 3871 qnam

148 3967 224 4017 ¹Nor
245 3963 349 4038 itaqua]
378 3969 432 4017 The
457 3969 531 4019 letter
555 3969 578 4016 is
639 3965 713 4017 ’Vos
731 3961 833 4034 nutem]
859 3966 913 4014 'l'he
935 3965 1017 4013 whole
1040 3965 1069 4012 os

113 4038 137 4086 in
167 4039 270 4098 Diceto,
292 4039 346 4088 dat.
376 4039 494 4088 Lateran.
519 4038 578 4088 lsth
604 4037 645 4085 the
657 4036 730 4085 letter
741 4037 763 4083 is
774 4036 847 4097 given
860 4036 893 4095 by
902 4036 1002 4095 Diceto,
1012 4034 1065 4083 dat.

113 4107 219 4166 ltlarch;
237 4109 285 4156 col.
296 4111 354 4157 (582.
606 4107 722 4155 Laterau.
734 4105 794 4154 asu
806 4104 879 4164 July.

147 4173 158 4206 ²
171 4174 214 4235 C.]
235 4171 336 4226 ‘Ceut’
349 4177 449 4225 Diceto.
972 4190 974 4194 ⁴
