2970 5016
453 463 593 510 nnonns
616 463 888 512 nrsronmnuu.
1081 449 1146 514 139

192 642 335 685 aureum
359 622 540 685 habentem
567 623 602 684 in
629 621 829 685 summitate
856 642 1061 706 pergyrum
1090 640 1281 688 rep-snum.

191 722 287 784 sulas
319 740 442 784 aureas
475 718 703 784 artificialiter
733 720 966 799 fabrefactas3
1005 731 1040 785 et
1071 724 1145 806 ipse

191 819 264 883 dux
292 839 409 884 coram
437 820 529 883 clero
555 827 591 883 et
617 820 748 902 populo
775 820 909 902 juravit
936 838 1040 902 super
1069 822 1145 884 reli·

192 920 293 1000 quiae
323 927 522 983 sanctorum
545 926 581 982 et
602 936 707 999 super
731 918 914 1000 evangelia
943 937 1145 983 sacrosanc-

193 1025 242 1093 ta,
264 1018 356 1099 quod
379 1018 454 1099 ipse
479 1024 636 1080 sanctam
661 1017 839 1079 ecclesiam
868 1027 903 1080 et
931 1017 1007 1098 ejus
1030 1019 1145 1100 digni·

193 1124 283 1179 tates
304 1117 395 1179 bona
419 1115 485 1178 fide
509 1124 544 1178 et
570 1116 646 1178 sine
672 1114 764 1177 malo
784 1115 923 1196 ingenio
948 1114 1145 1179 defenderet

193 1221 228 1278 et
249 1213 427 1277 ordinatas
455 1214 661 1290 bonoraret3
686 1213 822 1296 juravit
847 1214 952 1276 etiam
974 1215 1067 1295 quod
1093 1215 1142 1278 le·

192 1331 254 1393 ges
275 1313 425 1394 iniquas,
450 1313 480 1375 si
504 1330 582 1393 quae
608 1318 737 1387 essent,
758 1311 952 1375 destrueret
976 1319 1012 1376 et
1034 1315 1143 1377 bonan

192 1419 403 1492 surrogarct.
456 1410 584 1475 Eodem
607 1418 760 1491 tempore
784 1408 994 1485 Willelmus,
1019 1430 1145 1491 genere

195 1509 419 1573 Normannus
444 1518 480 1572 et
502 1508 656 1572 ecclesia
682 1507 794 1570 sancti
821 1506 922 1570 Pauli
946 1507 1144 1571 Londonia-

194 1627 270 1671 rum
292 1608 489 1683 canonicus,
510 1607 601 1689 apud
621 1606 969 1670 Westmonasterinm
989 1625 1051 1687 per
1070 1626 1144 1671 ma·

195 1723 276 1769 num
316 1706 480 1780 Huberti,
518 1704 779 1769 cantuariensis
816 1704 1076 1787 archiepiscopi,
1108 1705 1144 1767 in

194 1805 328 1886 capella
350 1813 480 1869 sanctae
500 1803 698 1868 catherinae
724 1803 906 1885 episcopus
930 1802 1144 1866 Londcnien·

195 1904 242 1966 sis
260 1911 481 1967 consecratus
495 1911 549 1966 est
565 1904 698 1967 decimo
714 1900 881 1964 kalendas
895 1900 917 1964 J
922 1901 1005 1963 unii.

404 2077 454 2139 Do
468 2077 661 2140 coronatione
675 2077 754 2161 copis
770 2076 935 2140 Joboom's.

243 2195 314 2259 Per
340 2196 428 2260 idem
453 2207 589 2281 tempus
611 2199 684 2263 dux
716 2198 941 2263 Normanniae
964 2199 1229 2303 Jobannescor}h
1225 2213 1284 2302 „¹¹⁰⁰

195 2294 459 2360 transfretavit
450 2317 485 2360 m
496 2296 659 2379 Angliam
676 2307 711 2362 et
723 2297 814 2380 apud
832 2297 1019 2362 Schorham
1037 2265 1182 2410 appli-

194 2394 266 2456 cuit
283 2402 408 2459 octavo
426 2394 592 2459 kalendas
610 2395 720 2473 Junii,
738 2405 773 2459 et
795 2399 831 2459 in
853 2397 1016 2468 crastino,
1039 2396 1075 2457 in
1093 2396 1145 2459 vi·

194 2491 279 2572 gilia
301 2492 462 2558 videlicet
485 2494 678 2558 Dominicae
700 2494 923 2569 ascensionis,
949 2493 1145 2556 Londonias

195 2591 290 2654 venit
310 2590 437 2654 ibidem
452 2593 680 2656 coronandus.
727 2592 958 2673 congregatis
977 2592 1096 2671 itaque
1110 2591 1146 2652 in

195 2687 347 2752 adventu
364 2689 441 2772 ejus
458 2691 738 2772 archiepiscopis,
759 2691 941 2771 episcopis,
964 2688 1147 2752 comitibus

196 2794 232 2850 et
245 2787 431 2850 baronibus
446 2796 552 2870 atque
567 2788 645 2852 aliis
657 2789 827 2864 omnibus,
845 2788 905 2869 qui
916 2787 992 2869 ejus
1005 2804 1149 2849 corona·

198 2884 283 2949 tioni
298 2886 464 2948 iuteresse
480 2887 683 2964 debuerant,
696 2880 906 2960 ¹Hubertus,
922 2884 1149 2950 Cantuarien·

196 2984 244 3045 sis
259 2983 550 3066 archiepiscopus,
568 2987 746 3067 imponens
763 2985 870 3067 capiti
883 2984 960 3066 ejus
973 3001 1148 3058 coronam,

197 3083 299 3146 unxit
326 3101 404 3145 eum
429 3081 465 3146 in
492 3103 609 3165 regem
634 3085 726 3166 apud
744 3083 1093 3148 westmonasterium
1112 3080 1148 3143 in

197 3180 345 3243 ecclesia
372 3180 535 3263 principis
557 3183 791 3264 apostolorum
815 3181 1006 3246 Dominicae
1029 3199 1147 3243 ascen-

195 3279 303 3341 sionis
325 3278 515 3354 diasoste
538 3278 703 3344 kalendas
719 3281 741 3344 J
746 3281 839 3359 unii3
862 3272 1148 3361 ²Philipp0,'Du-

197 3376 363 3440 nelmensi
379 3378 554 3460 episcopo,
571 3380 781 3461 appellante,
800 3379 859 3442 sed
874 3398 944 3442 non
960 3379 1149 3452 obtinente,

198 3493 240 3536 ne
263 3478 442 3540 coronatio
459 3476 520 3539 illa
541 3478 640 3541 ficret
662 3479 698 3540 in
721 3478 879 3541 absentia
904 3474 1077 3547 Gausridi,
1095 3494 1147 3536 ar·

196 3572 406 3656 chiepisccpi
424 3574 665 3640 Eburacensis
708 3576 752 3639 In
770 3577 834 3639 hac
848 3574 1071 3639 coronatione
1085 3592 1148 3636 rex

197 3670 376 3735 lohannes
396 3673 523 3755 triplici
545 3675 722 3739 involutus
744 3679 1039 3746 estsacramento,
1057 3672 1148 3752 quod

198 3767 359 3833 videlicet
372 3779 528 3836 sanctam
546 3772 726 3837 ecclesiam
750 3780 785 3837 ct
807 3773 882 3854 ejus
901 3770 1077 3835 ordinatos
1099 3770 1146 3832 di·

234 3999 400 4066 ¹llubertas.]
419 4005 494 4052 Paris
505 4004 617 4053 basbere
625 4004 664 4051 in·
687 4005 790 4063 terbury
802 4016 869 4062 upon
881 4002 923 4050 tbe
940 3999 1007 4061 right
1019 3998 1048 4047 oi
1060 3994 1149 4048 John's

198 4071 292 4130 certed,
303 4073 329 4120 in
344 4069 443 4122 Carte's
456 4073 568 4133 opinion,
580 4088 612 4121 an
626 4074 661 4120 in·
688 4072 843 4121 cucceccicn.

199 4141 300 4188 vention
317 4142 346 4189 ol
361 4142 400 4189 bic
422 4157 489 4195 own.
507 4157 539 4190 an
556 4141 663 4190 addi-eas

199 4209 335 4270 namelyoi
343 4211 384 4258 the
396 4210 548 4271 archbishup
559 4210 588 4259 oi
596 4210 662 4260 Can·
674 4256 677 4267 ,
722 4202 876 4273 'Philippc.]
896 4206 1029 4266 llovedcn,
1040 4221 1067 4267 p.
1076 4208 1132 4253 ⁷⁰³.
