2970 5016
460 453 599 500 ruonns
622 453 893 502 nrsronrrnun.
1076 439 1141 502 135

192 609 240 670 sis
264 608 557 691 archiepiscopus,
580 610 759 673 ecclesiam
779 609 822 673 de
842 609 1019 687 Lamheia,
1035 628 1138 693 qnam
1153 627 1207 667 nn.
1220 628 1274 666 ns.

193 706 414 771 Baldewinus
437 706 669 789 praedecessor
690 727 775 771 suus
798 706 834 770 in
859 708 1023 773 honorem
1046 710 1139 772 beati

192 805 336 869 Thomae
367 807 530 890 martyris
558 806 765 870 fundaverat
791 813 827 870 et
854 806 929 887 ipse
957 806 1028 870 fere
1055 827 1137 871 con·

193 911 439 981 summoverat,
462 906 727 987 procurantibus
756 905 933 968 monachis
956 905 1140 969 Cantuari·

192 1004 332 1066 ensibus
354 1023 557 1085 summoque
580 1004 741 1085 pontifice
763 1004 967 1084 imperante,
991 1005 1139 1086 propriis

193 1102 389 1183 sumptibus
411 1101 455 1164 ad
478 1102 532 1165 sui
550 1111 585 1166 et
600 1101 787 1164 multorum
804 1103 1029 1183 ignominiam
1046 1121 1138 1167 com·

190 1199 358 1280 planavit.

443 1319 492 1383 De
505 1328 601 1383 morte
616 1320 696 1404 repis
711 1319 878 1383 Riclordi.

236 1436 382 1505 Eodem¹
402 1450 568 1525 temporo,
585 1444 739 1521 statutis,
762 1452 801 1506 ut
818 1442 946 1507 dictum
963 1450 1028 1518 est,
1045 1450 1138 1506 treu·
1153 1467 1256 1506 ratior

192 1538 246 1620 gis
268 1540 358 1603 inter
380 1560 495 1622 regem
518 1541 731 1605 Francorum
754 1541 952 1623 Philippum
970 1547 1006 1604 et
1024 1560 1139 1622 regem
1153 1516 1271 1556 mm

193 1635 387 1718 Anglorum
418 1639 645 1716 Richardum,
673 1640 763 1702 idem
798 1660 860 1703 rex
882 1639 1077 1721 Anglorum
1103 1640 1140 1702 in

194 1735 362 1817 quosdam
386 1739 533 1801 barones
557 1738 725 1802 Pictaviae
752 1739 817 1802 sibi
838 1738 982 1801 rebelles
1012 1736 1141 1800 vexilla

195 1832 322 1899 direxit
350 1843 386 1899 et
411 1854 535 1915 arma3
567 1838 603 1899 in
633 1836 793 1900 civitates
819 1845 934 1900 autem
961 1855 1077 1899 eorum
1105 1843 1141 1898 et

194 1932 323 2015 oppida
355 1934 469 2015 ignem
505 1935 749 2010 accumulavit,
778 1936 897 1999 vineas
922 1942 958 1997 et
987 1934 1141 2015 pomeria

196 2032 354 2107 succidit,
392 2033 576 2096 nonnullos
609 2033 714 2096 etiam
750 2054 794 2096 ex
826 2032 1033 2096 adversariis
1068 2032 1140 2094 suis

193 2130 508 2195 immisericorditer
525 2130 720 2195 trucidavit.
757 2132 913 2195 Tandem
935 2132 971 2194 in
991 2129 1140 2212 Aquita·

196 2228 310 2291 nioum
335 2231 539 2309 perveniens
560 2229 735 2305 ducatum,
760 2238 796 2293 et
820 2230 856 2292 in
880 2231 1052 2293 territorio
1075 2228 1141 2291 Le·

195 2326 330 2390 movico
352 2326 484 2390 Chalnz
510 2327 689 2391 castellum
713 2327 890 2392 obsidione
906 2327 1064 2404 vallavit,
1081 2326 1140 2389 nbi

195 2426 342 2507 septimo
370 2423 536 2488 kalendas
563 2424 695 2508 Aprilis
717 2420 757 2488 ²a
780 2425 887 2488 Petro
915 2425 1037 2488 Basilii
1061 2425 1142 2501 telo,

198 2530 236 2586 ut
253 2522 443 2599 dicebatur,
463 2532 634 2588 venenato
653 2543 837 2606 percussus
855 2532 920 2599 cst,
939 2543 1044 2605 quam
1064 2543 1142 2604 per·

196 2622 389 2685 cussionem
411 2622 511 2704 quasi
532 2642 595 2705 pro
616 2623 721 2685 nihilo
743 2623 937 2703 reputabat.
984 2621 1143 2702 Denique

197 2719 318 2783 diebus
344 2719 536 2792 duodecim,
570 2721 696 2803 quibus
727 2718 931 2800 supervixit,
963 2718 1141 2781 castellum

198 2819 324 2881 acriter
346 2818 474 2882 invasit
501 2826 536 2882 et
555 2820 659 2900 cepit,
681 2817 875 2899 militesque
898 2825 933 2879 et
954 2817 1144 2879 servientes

198 2916 263 2979 sub
287 2916 426 2980 arctiori
451 2917 608 2980 custodia
627 2916 859 2998 mancipavit3
890 2914 1060 2997 impositis
1083 2934 1144 2977 au-

199 3022 267 3077 tem
293 3018 329 3077 in
355 3014 498 3079 castello
528 3014 693 3079 ministris
716 3015 801 3090 suis,
825 3013 909 3078 illud
936 3010 1143 3076 sufficienter

199 3113 358 3176 munivit.
396 3112 534 3175 Vulnus
555 3120 683 3190 autom,
700 3112 791 3196 quod
810 3112 935 3176 ibidem
954 3119 1142 3193 receperat,

198 3210 288 3272 male
311 3211 447 3274 interim
470 3210 679 3275 custoditum
699 3219 887 3274 tumescere
909 3211 1087 3292 incipiens,
1108 3218 1143 3273 et

197 3309 339 3389 nigredo
357 3309 515 3391 quaedam
543 3310 669 3373 tumori
695 3311 868 3390 permixta
893 3308 1005 3373 locum
1023 3310 1142 3372 vulne-

198 3407 246 3470 ris
264 3408 530 3490 circumquaque
550 3409 716 3483 inficiens
742 3427 858 3489 regem
880 3407 1144 3471 intolerabiliter

198 3506 394 3587 torquebat.
439 3505 595 3569 Tandem
610 3526 673 3569 rex
689 3505 975 3588 sapientissimus,
991 3522 1067 3567 cum
1086 3524 1145 3586 pe-

198 3604 344 3667 riculum
378 3605 444 3667 sibi
474 3611 628 3668 cerneret
655 3606 843 3679 imminere,
872 3604 1005 3666 exitum
1043 3621 1144 3664 suum

197 3702 310 3765 cordis
333 3701 548 3779 contritione,
576 3704 645 3767 oris
664 3722 753 3784 pura
772 3701 999 3776 consessione,
1023 3719 1144 3782 corpo-

232 3915 345 3966 'Eodem
362 3910 490 3986 tempora]
513 3919 660 3981 Bromplon,
684 3931 733 3966 nus
751 3917 783 3965 de
799 3912 933 3978 Gurdnm,’
951 3932 977 3976 p.
989 3919 1053 3974 7913
1080 3915 1145 3964 Ger-

197 3987 245 4037 eol.
259 3990 331 4036 127⁷.
684 4001 744 4035 vase
754 3984 1100 4034 makeshimtohavelalleu
1112 3987 1146 4046 by

233 4054 269 4104 'A
280 4057 356 4105 Petro
368 4055 483 4118 Basilis]
499 4056 601 4118 Diceto,
611 4057 660 4104 col.
685 4056 726 4104 the
749 4054 816 4103 hand
838 4054 867 4102 ol
887 4068 903 4102 a
925 4068 1010 4115 young
1033 4069 1090 4102 man
1112 4056 1146 4115 by

198 4130 256 4174 7⁰6.
274 4124 660 4174 Hovedencullsthemanwho
685 4138 757 4172 name
779 4123 909 4173 Johmnes
942 4124 1061 4183 Sabraz;
1098 4123 1145 4172 col.

198 4194 324 4244 wouuded
358 4193 469 4243 Richard
512 4194 660 4243 ‘Bertram
687 4196 758 4241 lose.
