2970 5016
383 448 447 512 166
632 463 765 510 noonnr
791 463 837 509 nn
860 462 1068 509 wnunovna

223 629 277 669 M>-
290 629 345 667 ¹²⁰¹·
384 620 647 685 cantuariensis
664 621 823 702 copiosas
846 621 908 696 eis,
929 639 972 683 ne
994 619 1106 683 dicam
1129 619 1336 701 superfluas,

384 720 594 784 ministravit
606 739 789 801 expensas.
824 718 988 801 Sequenti
1002 726 1125 800 postea
1142 719 1337 783 Dominieae

384 819 596 883 ascensionis
618 819 674 883 die
703 819 796 900 apud
814 817 1049 882 Thechesberi
1071 818 1232 899 generale
1255 837 1336 901 pro·

384 919 501 1001 posuit
518 919 680 994 edictum,
697 926 736 982 ut
753 918 896 981 comites
919 924 955 981 et
975 919 1137 992 barones,
1162 925 1197 980 et
1216 937 1337 982 omnes

386 1019 446 1099 qui
467 1018 617 1081 militare
631 1017 809 1080 servitium
831 1016 861 1080 ei
883 1016 1066 1093 debebant,
1086 1015 1200 1099 parati
1219 1024 1339 1081 essent

386 1118 479 1199 apud
497 1115 741 1180 Portesmuthe
763 1134 841 1179 cum
858 1117 956 1197 equis
978 1124 1014 1180 et
1030 1117 1136 1179 armis
1157 1115 1201 1178 ad
1224 1122 1339 1179 trans-

386 1215 580 1280 fretandum
594 1234 671 1278 cum
687 1234 728 1278 eo
749 1214 792 1277 ad
815 1223 932 1296 partes
951 1216 1200 1279 transmarinas
1225 1215 1262 1277 in
1284 1214 1342 1279 die

388 1314 614 1379 Pentecostes
620 1315 696 1398 jam
709 1314 877 1394 instante;
894 1315 1054 1379 veniente
1067 1323 1182 1378 autem
1195 1313 1251 1378 die
1265 1323 1339 1379 sta-

388 1422 475 1490 tuto,
490 1415 589 1478 multi
604 1415 789 1496 impetrata
801 1414 942 1478 licentia
953 1420 1203 1490 remanserunt,
1215 1413 1340 1478 dantes

390 1514 463 1594 regi
477 1513 520 1577 do
538 1513 692 1596 quolibet
707 1521 807 1577 scuto
824 1512 911 1577 duas
929 1532 1064 1577 marcas
1079 1514 1226 1595 argenti.

497 1684 530 1747 U
527 1694 538 1749 t
553 1706 607 1748 rea
619 1685 776 1750 Jolaaoo
789 1694 816 1749 et
833 1686 941 1771 rapina
956 1686 991 1750 io
1006 1686 1239 1751 Normarmiam

724 1785 1008 1869 transfretaverint.

228 1940 314 2027 ωηο
443 1908 626 1973 Celebrata
656 1909 762 1992 igitur
793 1909 883 1992 apud
911 1908 1154 1974 Portcsmuthe
1179 1908 1343 1974 solemni-

229 1991 361 2086 irvdhil‘iy.
392 2016 464 2074 tate
480 2008 718 2085 Pentecostes‚
736 2029 798 2072 rex
813 2029 891 2072 cum
910 2010 1029 2091 regina
1048 2010 1168 2073 suain
1187 2011 1342 2074 crastino

390 2127 498 2171 naves
516 2107 755 2185 ascenderunt,
773 2116 821 2184 et,
838 2102 934 2172 ¹licet
951 2128 1028 2172 eum
1048 2109 1178 2185 labore,
1195 2108 1232 2171 in
1250 2108 1343 2174 Nor-

391 2205 566 2270 manniam
596 2207 734 2269 tandem
759 2207 1011 2290 applicuerunt.
1064 2208 1199 2272 Deinde
1216 2227 1344 2272 conve-

392 2305 494 2369 niunt
514 2304 558 2368 ad
577 2305 784 2387 colloquium
808 2326 907 2387 reges
927 2305 1118 2388 Anglorum
1139 2316 1174 2372 et
1191 2307 1343 2371 Franco·

393 2423 468 2466 rum
495 2422 602 2485 prope
626 2404 774 2468 insulam
798 2404 993 2482 Andeliaci,
1023 2415 1059 2470 et
1085 2407 1227 2489 pacifice
1260 2426 1343 2471 con·
1443 2468 1449 2476 .

393 2503 489 2566 venit
517 2503 608 2568 iuter
635 2522 717 2581 e0s;
752 2511 889 2586 etpost
914 2505 1064 2568 triduum
1079 2526 1141 2568 rex
1163 2506 1344 2570 Johanues

394 2601 439 2665 ad
472 2603 672 2683 petitionem
704 2603 795 2684 regis
823 2603 1036 2667 Francorum
1063 2606 1159 2668 venit
1187 2604 1345 2668 Parisius

395 2709 430 2765 et
449 2702 495 2765 ibi
518 2702 555 2764 in
580 2702 711 2783 palatio
731 2703 821 2783 regis
845 2702 1040 2786 hospitatus
1056 2711 1122 2780 est,
1136 2724 1217 2785 rege
1234 2703 1344 2767 Fran-

395 2819 512 2864 corum
528 2821 566 2865 se
580 2801 667 2864 alias
683 2803 900 2881 conferente3
921 2809 969 2879 et,
986 2822 1062 2866 cum
1081 2803 1128 2866 ibi
1147 2803 1345 2881 honorifice,

396 2909 431 2964 ct
455 2908 495 2963 nt
516 2919 631 2981 regem
656 2900 811 2977 docebat,
835 2910 926 2966 esset
953 2909 1124 2983 receptus,
1148 2902 1228 2965 inde
1251 2923 1344 2967 rece-

396 2998 481 3062 dens
505 3000 601 3061 venit
628 2998 672 3060 ad
699 2998 902 3064 chinonem.
954 3001 1085 3064 Eodem
1111 3008 1277 3083 tempore,
1304 3012 1345 3065 nt

396 3116 467 3179 pax
495 3097 704 3178 interreges
729 3098 858 3163 firmior
881 3100 1077 3176 haberetur,
1099 3108 1269 3164 statutum
1294 3109 1348 3164 est

397 3202 433 3259 et
453 3194 591 3276 scriptis
614 3197 865 3275 confirmatum,
880 3200 983 3282 quod,
998 3199 1028 3261 si
1050 3218 1113 3262 rex
1133 3199 1346 3263 Francorum

397 3312 516 3376 pacem
542 3295 578 3356 in
601 3296 718 3379 aliquo
734 3298 916 3362 violaverit
938 3298 1175 3380 praelocutam,
1199 3299 1347 3363 barones

396 3392 440 3456 de
463 3413 569 3475 regno
597 3395 820 3472 Francorum,
844 3416 931 3479 quos
957 3417 1019 3460 rex
1047 3397 1268 3480 fidejussores
1294 3399 1347 3461 in·

397 3501 550 3570 venerat,
561 3494 676 3557 ¹soluti
693 3504 808 3559 essent
822 3515 844 3558 a
860 3495 1026 3560 fidelitate
1040 3497 1128 3580 ejus,
1143 3505 1178 3561 et
1189 3498 1347 3561 venirent

399 3590 441 3654 ad
474 3612 589 3674 regem
619 3592 813 3675 Anglorum
846 3596 890 3658 ad
921 3595 1192 3677 impugnandum
1230 3616 1347 3677 regem

401 3689 614 3755 Francorum
653 3700 689 3755 et
729 3694 1001 3775 compellendum
1035 3713 1113 3758 eum
1149 3694 1194 3758 ad
1228 3714 1348 3776 pacem

399 3790 635 3872 praelocutam.
689 3791 818 3855 Eodem
841 3794 942 3858 modo
965 3793 1094 3857 factum
1117 3802 1171 3857 ost
1193 3795 1228 3856 in
1251 3803 1351 3877 parte

434 3958 521 4010 ¹Licet
538 3978 592 4010 cum
610 3961 710 4023 labora]
726 3961 780 4009 'l'he
799 3961 861 4024 king
885 3962 963 4023 John,
974 3962 1068 4025 having
1084 3963 1146 4011 been
1160 3963 1247 4011 driven
1265 3968 1291 4011 to
1307 3963 1350 4012 the

399 4032 537 4092 andqueen
545 4033 645 4080 wereiu
654 4036 769 4092 separate
777 4031 859 4092 ships:
886 4032 937 4080 lale
949 4032 978 4080 ot
992 4032 1088 4094 wight,
1099 4047 1154 4081 was
1164 4032 1266 4094 obliged
1278 4048 1295 4081 a
1311 4048 1353 4081 se-

399 4099 454 4149 that
471 4100 555 4148 which
576 4102 703 4162 eonveyed
724 4101 766 4149 the
786 4101 860 4149 latter
886 4101 950 4149 cond
967 4102 1026 4150 time
1044 4107 1070 4149 to
1090 4102 1194 4150 embnrk
1213 4108 1241 4149 at
1260 4102 1350 4151 l'orts-

398 4170 507 4218 reached
516 4171 661 4231 Normandy
669 4173 695 4219 in
707 4170 788 4231 satety
794 4185 803 4232 ;
816 4171 861 4218 but
886 4171 972 4219 mouth
984 4187 991 4231 ;
1009 4171 1143 4232 Hoveden‚
1154 4187 1180 4232 p.
1192 4175 1249 4220 81⁰.
