2970 5016
408 453 547 502 rmnrs
571 454 844 505 ursroarnnuu.
1033 441 1100 506 215

149 628 255 673 nunm
282 610 468 693 injectione
489 621 705 676 recesserunt
731 633 861 690 omnes,
884 623 1011 695 praeter
1033 619 1099 676 tre·
1112 628 1235 670 anuo.

148 708 259 771 decim
289 709 572 787 valetudinarios,
603 713 662 793 qui
694 712 731 774 in
757 712 859 776 domo
887 712 1098 776 infirmorum

144 807 304 890 jacentes
325 808 484 872 incedere
503 829 572 873 non
591 810 773 890 valebant3
797 819 833 874 et
851 811 1008 892 protinus
1026 817 1098 874 tra·

143 906 230 988 jecti
243 907 279 968 in
292 906 489 971 Flandriam
507 909 542 971 in
560 909 700 972 abbatia
713 911 826 973 sancti
841 911 977 973 Bertini
990 909 1100 974 hono-

150 1004 245 1067 rifice
270 1007 401 1087 recepti
425 1015 507 1070 sunt
528 1008 620 1070 etin
646 1008 723 1071 aliis
749 1010 965 1072 monasteriis
987 1016 1101 1073 trans-

150 1104 304 1167 marinis.
356 1104 502 1181 Deinde,
520 1105 667 1188 jubente
691 1126 784 1187 rege,
810 1108 990 1171 substituti
1016 1115 1099 1170 sunt

148 1203 184 1264 in
201 1201 348 1267 ecclesia
359 1201 601 1268 Cantauriensi
618 1205 777 1270 monachi
790 1207 930 1288 quidam
948 1206 990 1270 de
1002 1224 1099 1269 sanc·

151 1306 187 1364 to
215 1298 413 1382 Augustino
435 1302 479 1366 ad
503 1304 766 1368 ministrandum
788 1306 926 1381 ibidem,
946 1305 1100 1368 Falcone

150 1399 296 1481 praefato
318 1408 537 1482 procurante,
560 1404 629 1467 imo
652 1404 768 1467 omnia
793 1405 883 1467 bona
913 1403 1098 1468 eorundem

149 1499 395 1563 monachorum
426 1500 639 1567 distrahente
681 1509 717 1566 et
743 1501 964 1577 admiscente,
999 1502 1100 1564 terris

151 1603 222 1660 tam
237 1598 486 1682 archiepiscopi
503 1620 608 1682 quam
625 1601 870 1665 monachorum
893 1601 1100 1665 remanenti·

149 1695 215 1758 bus
228 1695 380 1762 incultis.
416 1698 588 1763 Exierunt
602 1706 717 1763 autem
733 1700 892 1764 monachi
907 1719 1000 1782 saepe
1017 1698 1101 1764 dicti

151 1792 194 1857 de
211 1798 419 1861 monasterio
433 1817 498 1861 suo
514 1799 550 1861 in
566 1798 709 1862 exilium
726 1799 834 1881 pridie
847 1798 924 1863 idus
938 1798 961 1861 J
965 1798 1038 1861 ulii.

198 1966 240 2030 Ut
254 1988 309 2031 rec
321 1967 495 2053 Araplorum
511 1969 618 2034 literas
632 1971 880 2034 comminatorias
894 1970 940 2033 od
946 1991 1070 2055 popam

564 2069 692 2132 suberit.

205 2191 367 2253 Exclusis
383 2191 449 2255 hoc
463 2192 582 2256 ordine
593 2190 771 2255 monachis
781 2189 1102 2267 Cantuariensibus,
1117 2211 1191 2252 aar·

153 2309 217 2352 rex
233 2288 428 2371 Anglorum
444 2291 467 2354 J
470 2290 624 2354 ohannes
647 2290 690 2353 ad
713 2309 840 2372 papam
863 2290 1002 2353 nuntios
1024 2308 1102 2352 oum
1116 2265 1232 2361 ῗὲἔῖἶὶἔὲ

153 2387 263 2451 literis
286 2388 426 2464 direxit,
451 2390 631 2472 inquibus
651 2408 814 2471 expresse
834 2396 869 2451 et
888 2389 988 2470 quasi
1010 2406 1103 2451 com·
1115 2361 1268 2410 ‘'mm'‘

155 2487 316 2552 minando
341 2488 455 2570 ipsum
483 2490 663 2569 arguebat,
690 2487 795 2570 quod,
820 2487 987 2550 electione
1014 2485 1106 2549 Nor-

154 2586 313 2650 wicensis
345 2587 497 2669 episcopi
527 2588 675 2669 turpiter
707 2586 858 2668 repulsa,
892 2583 1103 2666 Stephanum

155 2685 327 2767 quendam
351 2684 394 2749 de
413 2685 628 2767 Langetuno,
650 2686 716 2748 sibi
739 2685 876 2767 penitus
895 2684 1052 2764 ignotum
1070 2688 1106 2745 et

155 2785 192 2847 in
221 2802 330 2864 regno
352 2785 565 2848 Francorum
589 2786 680 2848 inter
700 2784 817 2847 hostes
846 2800 928 2845 suos
950 2780 1106 2863 publicos

153 2883 347 2948 diutissime
379 2892 633 2960 conversatum,
663 2882 792 2947 lecerat
815 2883 851 2944 in
878 2880 1107 2944 Cantuarien-

155 3001 227 3045 sem
248 2981 544 3065 archiepiscopum
567 2982 783 3060 consecrari3
812 2988 859 3057 et,
879 2979 971 3062 quod
995 2979 1107 3060 magis

156 3082 193 3144 in
209 3081 445 3164 praejudicium
459 3089 494 3145 et
503 3083 762 3145 subversionem
778 3081 978 3144 libertatum
990 3078 1033 3142 ad
1048 3098 1107 3142 oo·

157 3199 278 3244 ronam
305 3200 403 3244 suam
429 3182 660 3263 spectantium
689 3179 869 3256 redundat,
892 3179 1000 3260 ipsius
1024 3197 1107 3242 con·

156 3298 261 3342 sensu
271 3297 293 3342 a
307 3279 496 3356 monachiS,
513 3280 573 3362 qui
586 3280 683 3344 illum
699 3279 894 3362 postulasse
906 3277 1107 3351 debuerant,

157 3397 222 3441 nec
252 3379 318 3441 rite
349 3379 528 3461 requisito,
560 3380 704 3442 eundem
735 3378 949 3459 Stephanum
980 3384 1107 3440 temere

157 3496 360 3562 promovere
387 3479 632 3560 praesumpsit3
664 3478 756 3540 unde
781 3476 958 3539 asserebat
980 3494 1017 3536 so
1035 3473 1107 3536 sus·

158 3575 314 3639 ficienter
330 3577 491 3640 admirari
512 3596 581 3639 non
596 3596 710 3658 posse,
724 3575 815 3659 quod
833 3582 904 3638 tam
926 3574 1001 3653 ipse
1016 3590 1108 3654 papa

158 3693 260 3755 quam
279 3677 441 3740 universa
458 3676 553 3739 curia
570 3675 730 3739 Romana
752 3675 795 3737 ad
818 3671 1016 3738 memoriam
1038 3689 1108 3733 non

156 3772 327 3838 reducunt
339 3775 374 3838 in
393 3782 560 3857 quantum
583 3775 659 3857 ejus
682 3774 820 3838 dilectio
844 3772 1013 3835 Romanae
1035 3767 1108 3832 sedi

158 3870 263 3936 luerit
287 3875 455 3937 hactenus
478 3875 684 3949 necessaria,
707 3874 742 3936 in
766 3873 832 3934 hoc
854 3869 999 3933 rationis
1028 3887 1110 3931 ocu-

158 3971 230 4034 lum
249 3991 318 4037 non
334 3973 492 4054 figentes,
506 3973 599 4056 quod
617 3972 791 4036 uberiores
806 3970 870 4033 sibi
888 3969 1019 4032 fructus
1034 3986 1108 4049 per-

158 4071 301 4135 veniant
323 4072 366 4135 de
390 4092 497 4154 regno
520 4092 584 4135 suo
606 4070 744 4151 Angliae
761 4088 864 4152 quam
885 4068 927 4131 de
950 4067 1109 4129 omnibus

158 4170 357 4252 regionibus
369 4173 456 4236 citra
471 4171 580 4254 Alpes
598 4169 808 4236 constitutis
832 4166 942 4232 Addit
957 4166 1109 4247 insuper,
