2970 5016
456 442 599 506 mosas
623 447 892 496 nrsronrnauu.
1088 434 1154 498 ³05

200 603 291 675 tens,
313 598 349 661 in
372 619 442 682 qua
467 602 579 683 possit
602 601 744 667 honeste
766 604 892 667 morari
914 621 1094 686 quousque
1120 605 1289 710 signnm.

201 696 264 760 dos
288 717 352 761 sua
377 700 585 781 assignetur,
613 702 801 765 secundum
828 702 920 784 quod
948 681 1247 783 predictumcrffi

201 803 266 871 est,
295 804 330 860 et
352 796 479 862 habeat
498 800 703 863 rationabile
733 801 940 865 estoverium
970 821 1070 865 suum
1097 804 1150 866 in-

201 895 301 959 terim
334 895 377 959 de
409 898 610 976 eommuni;
650 899 848 979 assignetur
876 906 992 962 autem
1024 902 1056 964 ei
1086 921 1149 983 pro

200 993 282 1057 dote
301 1013 365 1058 sua
382 996 486 1059 tertia
508 1015 588 1078 pars
605 998 714 1061 totius
731 1005 832 1061 terrae
851 998 966 1061 mariti
987 998 1054 1075 sui,
1070 1019 1148 1080 quae

199 1111 263 1156 sua
283 1092 349 1157 suit
367 1094 402 1157 in
419 1094 504 1172 vita,
521 1095 586 1157 nisi
609 1095 652 1159 de
672 1096 794 1159 minori
817 1096 940 1160 dotata
963 1096 1067 1161 fuerit
1087 1092 1146 1162 'ad

200 1192 328 1255 ostium
355 1192 537 1281 ecclesiae..
587 1193 696 1257 Nulla
717 1195 822 1258 vidua
852 1195 1081 1276 distringatur
1102 1198 1145 1261 ad

200 1309 239 1353 se
254 1291 498 1368 maritandum,
515 1291 597 1378 dum
613 1293 760 1356 voluerit
778 1294 893 1357 vivere
909 1295 983 1356 sine
1000 1295 1145 1375 marito3

199 1388 250 1453 ita
266 1397 381 1452 tamen
404 1391 497 1472 quod
522 1390 742 1455 securitatem
766 1391 883 1468 faciat,
900 1393 992 1474 quod
1017 1413 1054 1456 se
1078 1413 1146 1457 uon

200 1489 376 1551 maritabit
392 1490 467 1553 sine
490 1508 633 1553 assensu
656 1497 787 1566 nostro,
804 1491 834 1552 si
852 1490 894 1554 de
913 1491 1012 1555 nobis
1030 1499 1145 1557 tenue·

199 1585 256 1649 rit.
310 1586 386 1649 Nos
406 1607 488 1652 vero
512 1588 566 1652 vel
596 1589 715 1652 ballivi
739 1590 848 1652 nostri
872 1609 941 1652 non
968 1591 1146 1655 seisiemus

198 1692 325 1747 terram
353 1685 504 1768 aliquam
527 1705 590 1751 nec
613 1688 780 1752 redditum
804 1708 867 1770 pro
890 1688 1006 1752 debito
1028 1688 1145 1770 aliquo

198 1784 363 1864 quamdiu
394 1786 522 1849 catalla
555 1786 720 1850 debitoris
752 1787 937 1869 praesentia
970 1786 1145 1853 sufficiunt

199 1881 241 1944 ad
264 1883 418 1946 debitum
447 1885 657 1948 reddendum
684 1893 719 1949 et
741 1886 816 1966 ipse
842 1885 976 1949 debitor
1001 1894 1144 1966 paratus

198 1980 245 2044 sit
266 1981 345 2044 inde
371 1982 581 2048 satisfacere.
635 1984 711 2047 Nec
742 1984 847 2065 plegii
875 1983 984 2066 ipsius
1012 1984 1144 2049 debito-

198 2079 246 2143 ris
268 2079 531 2162 distringantur,
548 2083 710 2165 quamdiu
733 2083 808 2164 ipse
830 2084 990 2165 capitalis
1008 2083 1143 2147 debitor

199 2177 346 2243 sufficiat
374 2180 417 2243 ad
450 2181 658 2246 solutionem
689 2181 822 2261 debiti;
862 2189 898 2245 et
925 2183 954 2245 si
983 2182 1142 2263 capitalis

197 2276 333 2341 debitor
354 2277 517 2344 deiecerit
532 2281 569 2343 in
587 2281 759 2344 solutione
781 2281 900 2357 debiti,
922 2301 991 2344 non
1012 2281 1142 2345 habens

198 2376 289 2439 unde
306 2377 439 2453 reddat,
457 2387 518 2443 aut
534 2379 675 2442 reddere
696 2379 783 2442 nolit
799 2399 877 2442 cum
897 2380 1019 2461 possit,
1037 2380 1141 2460 plegii

196 2475 426 2557 respondeant
443 2477 486 2540 de
505 2477 642 2556 debito;
673 2484 720 2553 et,
737 2477 767 2539 si
786 2477 971 2552 voluerint,
992 2476 1142 2541 habeant

196 2581 307 2637 terras
325 2582 359 2637 et
376 2574 530 2640 redditus
552 2576 727 2652 debitoris,
749 2593 929 2656 quousque
949 2574 995 2637 sit
1012 2574 1062 2638 eis
1084 2594 1141 2637 sa-

196 2672 372 2736 tisfactum
393 2673 435 2736 de
457 2674 585 2750 debito,
603 2674 694 2756 quod
714 2680 796 2736 ante
816 2691 879 2754 pro
898 2692 940 2735 eo
961 2672 1140 2749 solverint,

196 2771 262 2834 nisi
287 2771 447 2852 capitalis
473 2773 609 2836 debitor
632 2772 877 2836 monstraverit
899 2790 936 2833 se
964 2769 1044 2834 inde
1066 2791 1141 2836 esse

194 2870 347 2951 quietum
375 2890 494 2934 versus
524 2871 660 2936 eosdem
690 2871 832 2953 plegios.
886 2867 1020 2933 Civitas
1047 2868 1140 2932 Lon-

195 2968 375 3032 doniarum
407 2968 534 3034 habeat
555 2990 673 3035 omnes
702 2971 863 3051 antiquas
897 2968 1074 3032 libertates
1105 2977 1140 3032 et

190 3065 321 3130 liberas
342 3069 609 3133 consuetudines
635 3088 728 3133 suas.
779 3068 955 3132 Praeterea
983 3068 1140 3131 volumus

194 3173 229 3229 et
259 3167 488 3244 concedimus,
523 3168 615 3249 quod
648 3187 766 3231 omnes
800 3166 879 3230 aliae
911 3166 1070 3229 civitates
1105 3174 1139 3230 et

194 3264 296 3345 burgi
320 3274 355 3329 et
374 3266 477 3342 villae,
501 3274 537 3330 et
555 3267 700 3330 barones
721 3266 764 3329 de
785 3264 938 3347 quinque
960 3266 1139 3345 portubus,

194 3371 230 3426 et
246 3383 365 3427 omnes
390 3373 524 3446 portus,
546 3365 696 3429 habeant
717 3383 835 3428 omnes
858 3363 1035 3426 libertates
1058 3381 1140 3425 suas

194 3469 229 3526 et
248 3462 373 3525 liberas
403 3464 667 3528 consuetudines
694 3481 787 3526 suas.
841 3460 968 3524 Nullus
999 3459 1139 3522 distrin-

193 3568 299 3641 gatur
321 3561 364 3624 ad
388 3561 580 3626 faciendum
612 3561 725 3645 majus
757 3558 935 3624 servitium
967 3557 1009 3620 de
1037 3557 1139 3622 feodo

193 3658 325 3736 militis,
348 3679 411 3724 nec
428 3661 471 3724 de
492 3661 561 3724 alio
584 3661 693 3724 libero
711 3666 918 3732 tenemento,
935 3674 1038 3737 quam
1059 3656 1140 3719 iude

193 3757 349 3822 debetur.
403 3759 609 3824 Communia
627 3758 757 3839 placita
781 3776 850 3819 uon
872 3761 1062 3836 sequantur
1079 3773 1139 3816 cu·

193 3856 280 3919 riam
298 3864 463 3934 nostram,
479 3858 540 3921 sed
554 3864 738 3920 teneantur
754 3856 789 3918 in
807 3854 925 3935 aliquo
940 3852 1017 3915 loco
1033 3860 1138 3916 certo.

195 3952 465 4036 Recognitiones
494 3956 536 4018 de
566 3975 658 4018 nova
686 3954 867 4017 disseisina
898 3950 995 4013 etde
1029 3959 1139 4013 morte

192 4056 420 4119 antecessoris
454 4075 521 4118 non
548 4054 731 4135 capiantur
762 4051 827 4113 nisi
855 4051 890 4112 in
919 4047 1139 4112 comitatibus

473 4204 529 4255 ¹Au
540 4199 650 4272 ostium]
669 4203 780 4264 wanting
791 4202 817 4249 in
829 4203 858 4248 C.

242 4298 320 4344 VOL.
340 4298 394 4345 ΙΙΙ.
895 4327 897 4333 .
962 4290 988 4336 X
