2970 5016
346 466 412 532 aot
601 479 736 528 aoouur
761 479 808 528 nn
831 478 1039 529 wuunovan

184 657 241 699 nn.
254 659 309 698 rna
348 640 464 715 fuerit,
489 639 551 703 fiat
573 639 683 716 miles,
706 637 928 702 nibilominus
950 645 1043 703 terra
1068 646 1248 703 remaneat
1264 640 1296 703 in

182 709 269 799 {affl
348 738 507 804 custodia
529 738 744 803 dominorum
766 757 906 802 suorum
925 757 1033 820 usque
1051 738 1095 802 ad
1112 740 1295 803 terminum

347 839 561 921 praedictum.
629 837 757 902 Custos
784 846 886 901 terrae
910 835 1109 920 hujusmodi
1139 838 1297 915 haeredis,

347 938 407 1020 qui
426 936 517 1001 infra
538 944 676 1000 aetatem
698 936 812 1012 fuerit,
836 956 905 999 non
923 938 1039 1018 capiat
1053 936 1097 1000 de
1116 943 1212 1000 terra
1229 938 1296 1001 bae·

347 1036 439 1100 redis
462 1036 528 1099 nisi
551 1035 773 1100 rationabiles
789 1037 905 1100 exitus
923 1042 958 1099 et
973 1035 1198 1099 rationabiles
1216 1056 1297 1100 cou-

347 1136 548 1199 suetudines
573 1143 608 1199 et
634 1135 855 1199 rationabilia
885 1135 1040 1212 servitia,
1062 1142 1099 1199 et
1122 1134 1198 1199 baec
1224 1138 1297 1199 sine

346 1225 579 1299 destructione
596 1242 631 1298 ct
644 1240 746 1298 vasto
762 1234 938 1297 hominum
952 1234 1008 1297 vel
1026 1253 1153 1298 rerum.
1207 1234 1254 1299 Et
1269 1238 1298 1299 si

347 1355 411 1398 nos
434 1334 703 1398 commiserimus
730 1333 922 1398 custodiam
947 1333 1050 1397 alicui
1075 1333 1157 1398 talis
1183 1342 1296 1412 terrae,

347 1433 541 1498 vicecomiti
563 1433 618 1497 vel
643 1433 746 1497 alicui
773 1433 845 1510 alii,
870 1433 930 1514 qui
954 1432 997 1495 do
1022 1433 1175 1496 exitibus
1196 1441 1296 1498 terrae

347 1533 440 1596 illius
463 1533 561 1597 nobis
583 1533 706 1596 debeat
722 1532 940 1614 respondere,
956 1539 992 1595 et
1008 1532 1066 1594 ille
1089 1532 1296 1597 destructio·

349 1652 426 1696 nem
449 1633 492 1696 de
514 1631 673 1695 custodia
696 1630 815 1694 lecerit
834 1630 889 1694 vel
912 1639 1060 1708 vastum,
1083 1650 1147 1696 nos
1171 1633 1216 1696 ab
1238 1632 1297 1697 illo

348 1732 522 1814 capiemus
540 1729 731 1806 emendam,
748 1738 784 1793 et
800 1737 893 1794 terra
908 1731 1146 1795 committatur
1162 1732 1296 1796 duobus

347 1831 518 1912 legalibus
538 1840 573 1894 et
589 1830 747 1893 discretis
763 1828 955 1892 bominibus
971 1830 1014 1893 de
1028 1830 1130 1894 feodo
1146 1831 1220 1908 illo,
1236 1833 1294 1914 qui

348 1931 506 1994 similiter
522 1930 622 1993 nobis
643 1927 886 2011 respondeant,
903 1930 993 1992 sicut
1010 1930 1215 2011 praedictum
1233 1938 1294 1995 est.

349 2029 477 2093 Custos
498 2037 627 2106 autern,
647 2028 811 2111 quamdiu
832 2027 1024 2092 custodiam
1044 2036 1147 2092 terrae
1170 2029 1297 2094 babue-

348 2129 406 2205 rit,
440 2134 612 2191 sustentet
643 2127 775 2204 domos,
812 2145 947 2209 parcos,
980 2128 1126 2205 vivaria,
1159 2136 1295 2210 stagna,
1366 2162 1369 2167 ·

348 2226 556 2303 molendina,
582 2233 617 2289 et
638 2232 767 2290 caetera
788 2225 831 2288 ad
853 2226 948 2290 illam
969 2233 1095 2291 terram
1121 2229 1297 2310 pertinen·

349 2326 410 2402 tia,
424 2325 467 2389 de
484 2325 635 2389 exitibus
651 2335 752 2390 terrae
769 2325 944 2409 ejusdem3
967 2334 1002 2390 et
1017 2326 1139 2390 reddat
1157 2327 1296 2405 baeredi,

348 2444 425 2488 cum
448 2424 491 2488 ad
506 2425 643 2506 plenam
666 2432 804 2489 aetatem
824 2415 1031 2507 pervenerit,
1048 2434 1176 2490 terram
1197 2447 1294 2491 suam

348 2532 457 2588 totam
475 2524 702 2588 instauratam
720 2524 763 2587 dc
779 2525 912 2588 carucis
929 2533 965 2588 et
977 2525 1135 2600 omnibus
1152 2526 1231 2590 aliis
1245 2548 1299 2591 re·

347 2626 426 2700 bus,
442 2624 486 2687 ad
502 2625 616 2687 minus
632 2624 819 2687 secundum
835 2624 926 2706 quod
944 2624 1003 2688 ille
1018 2627 1158 2706 recepit.
1207 2627 1295 2691 Haec

348 2724 465 2788 omnia
496 2724 720 2787 observentur
750 2723 793 2785 de
825 2723 991 2787 custodiis
1020 2723 1296 2809 archiepiscopa-

348 2831 458 2899 tuum,
490 2824 763 2904 episcopatuum,
803 2823 1033 2900 abbatiarum,
1069 2824 1295 2906 prioratuum,

348 2923 569 2985 ecclesiarum
602 2929 638 2985 et
659 2922 869 3007 dignitatum
901 2923 1111 2998 vacantium,
1142 2943 1222 3004 quae
1253 2925 1294 2986 ad

349 3039 411 3084 nos
434 3021 617 3102 pertinent,
640 3027 786 3103 excepto
803 3021 893 3102 quod
912 3022 1078 3086 custodiae
1099 3021 1294 3105 hujusmodi

349 3119 452 3181 vendi
484 3137 553 3182 non
586 3120 724 3184 debent.
792 3120 962 3184 Haeredes
988 3120 1196 3184 maritentur
1222 3124 1296 3184 sinc

348 3217 640 3300 disparagatione.
686 3218 813 3293 Vidua,
834 3227 912 3300 post
929 3228 1074 3283 mortem
1094 3221 1212 3284 mariti
1229 3223 1294 3296 sui,

348 3319 466 3381 statim
490 3324 525 3381 et
543 3317 618 3381 sine
641 3315 842 3381 difficultate
869 3319 986 3400 aliqua
1009 3319 1135 3382 habeat
1154 3322 1296 3384 marita·

348 3418 443 3498 gium
474 3437 572 3480 suum
605 3425 640 3480 et
666 3416 903 3481 haereditatem
932 3437 1043 3495 suam,
1074 3437 1137 3482 nec
1167 3420 1297 3503 aliquid

347 3516 407 3579 det
427 3536 490 3598 pro
512 3516 592 3580 dote
615 3535 679 3580 sua
697 3515 753 3579 vel
775 3535 838 3597 pro
862 3518 1045 3598 maritagio
1066 3537 1131 3582 suo
1150 3520 1208 3582 vel
1230 3518 1298 3583 bae·

348 3616 494 3679 reditate
514 3636 588 3689 sua,
607 3634 712 3697 quarn
735 3614 970 3680 haereditatem
994 3617 1139 3681 maritus
1161 3638 1246 3682 suus
1264 3626 1297 3682 et

348 3714 425 3797 ipsa
438 3722 621 3778 tenuerunt
632 3715 687 3777 die
702 3715 817 3778 obitus
831 3716 940 3797 ipsius
954 3716 1068 3780 mariti
1080 3737 1089 3794 3
1113 3724 1149 3780 et
1160 3727 1297 3780 maneat

348 3815 384 3877 in
407 3814 549 3896 capitali
572 3814 748 3894 mesuagio
771 3815 887 3878 mariti
909 3816 964 3878 sui
981 3835 1044 3898 per
1065 3815 1297 3898 quadraginta

349 3914 423 3977 dies
441 3920 521 3994 post
538 3913 669 3976 obitum
692 3913 799 3995 ipsius
821 3914 949 3989 mariti,
969 3914 1061 3978 inira
1082 3935 1170 3997 quos
1189 3916 1297 3998 assig-

350 4020 451 4076 netur
472 4011 504 4075 ei
528 4012 591 4075 dos
613 4031 690 4088 sua,
717 4012 783 4075 nisi
809 4015 841 4077 ci
864 4014 959 4096 prius
981 4014 1085 4078 fuerit
1108 4016 1297 4096 assignata,

350 4113 405 4176 vel
421 4112 486 4175 nisi
498 4112 621 4175 domus
635 4111 697 4174 illa
711 4112 814 4176 fuerit
830 4121 998 4191 castrum3
1017 4121 1064 4190 et,
1079 4114 1108 4177 si
1126 4114 1169 4178 de
1184 4124 1298 4179 castro

348 4213 539 4290 recesserit,
562 4210 681 4276 statim
710 4212 934 4293 provideatur
955 4212 988 4277 ci
1010 4213 1132 4278 domus
1159 4235 1296 4300 compe·
