<?xml version="1.0" encoding="UTF-8"?>
<!DOCTYPE html PUBLIC "-//W3C//DTD XHTML 1.0 Transitional//EN"
    "http://www.w3.org/TR/xhtml1/DTD/xhtml1-transitional.dtd">
<html xmlns="http://www.w3.org/1999/xhtml" xml:lang="en" lang="en">
 <head>
  <title>
</title>
<meta http-equiv="Content-Type" content="text/html;charset=utf-8" />
  <meta name='ocr-system' content='tesseract 3.04.00' />
  <meta name='ocr-capabilities' content='ocr_page ocr_carea ocr_par ocr_line ocrx_word'/>
</head>
<body>
  <div class='ocr_page' id='page_1' title='image "./rogeridewendove08rogegoog_0097.png"; bbox 0 0 2970 5016; ppageno 0'>
   <div class='ocr_carea' id='block_1_1' title="bbox 183 820 305 863">
    <p class='ocr_par' dir='ltr' id='par_1_1' title="bbox 183 820 305 863">
     <span class='ocr_line' id='line_1_1' title="bbox 183 820 305 863; baseline -0.033 0"><span class='ocrx_word' id='word_1_1' title='bbox 183 820 238 863; x_wconf 76' lang='grc' dir='ltr'><strong><em>Μ).</em></strong></span> <span class='ocrx_word' id='word_1_2' title='bbox 247 820 305 860; x_wconf 65' lang='lat' dir='ltr'><strong><em>libb.</em></strong></span> 
     </span>
    </p>
   </div>
   <div class='ocr_carea' id='block_1_2' title="bbox 183 871 296 912">
    <p class='ocr_par' dir='ltr' id='par_1_2' title="bbox 183 871 296 912">
     <span class='ocr_line' id='line_1_2' title="bbox 183 871 296 912; baseline -0.027 0"><span class='ocrx_word' id='word_1_3' title='bbox 183 872 217 912; x_wconf 71' lang='lat' dir='ltr'><strong><em>hle</em></strong></span> <span class='ocrx_word' id='word_1_4' title='bbox 225 871 296 912; x_wconf 74' lang='lat' dir='ltr'><strong><em>dura</em></strong></span> 
     </span>
    </p>
   </div>
   <div class='ocr_carea' id='block_1_3' title="bbox 340 432 1034 496">
    <p class='ocr_par' dir='ltr' id='par_1_3' title="bbox 340 432 1034 496">
     <span class='ocr_line' id='line_1_3' title="bbox 340 432 1034 496; baseline -0.01 0"><span class='ocrx_word' id='word_1_5' title='bbox 340 432 385 496; x_wconf 85' lang='lat'><strong><em>88</em></strong></span> <span class='ocrx_word' id='word_1_6' title='bbox 598 446 732 494; x_wconf 78' lang='lat' dir='ltr'><strong><em>uocum</em></strong></span> <span class='ocrx_word' id='word_1_7' title='bbox 757 446 804 492; x_wconf 86' lang='lat' dir='ltr'><strong><em>nn</em></strong></span> <span class='ocrx_word' id='word_1_8' title='bbox 827 443 1034 493; x_wconf 76' lang='lat' dir='ltr'><strong><em>wranovnn</em></strong></span> 
     </span>
    </p>
   </div>
   <div class='ocr_carea' id='block_1_4' title="bbox 345 674 1306 4007">
    <p class='ocr_par' dir='ltr' id='par_1_4' title="bbox 508 674 1120 741">
     <span class='ocr_line' id='line_1_4' title="bbox 508 674 1120 741; baseline -0.008 0"><span class='ocrx_word' id='word_1_9' title='bbox 508 678 557 741; x_wconf 87' lang='lat' dir='ltr'><strong><em>De</em></strong></span> <span class='ocrx_word' id='word_1_10' title='bbox 573 675 852 741; x_wconf 74' lang='lat' dir='ltr'><strong><em>miserabiliorem</em></strong></span> <span class='ocrx_word' id='word_1_11' title='bbox 867 675 957 740; x_wconf 82' lang='lat' dir='ltr'><strong><em>doris</em></strong></span> <span class='ocrx_word' id='word_1_12' title='bbox 971 674 1120 739; x_wconf 68' lang='lat' dir='ltr'><strong><em>dustria</em></strong></span> 
     </span>
    </p>

    <p class='ocr_par' dir='ltr' id='par_1_5' title="bbox 345 790 1306 4007">
     <span class='ocr_line' id='line_1_5' title="bbox 396 790 1293 880; baseline -0.003 -20"><span class='ocrx_word' id='word_1_13' title='bbox 396 790 480 861; x_wconf 88' lang='lat' dir='ltr'><strong><em>His¹</em></strong></span> <span class='ocrx_word' id='word_1_14' title='bbox 505 799 662 862; x_wconf 87' lang='lat' dir='ltr'><strong><em>omnibus</em></strong></span> <span class='ocrx_word' id='word_1_15' title='bbox 685 799 831 880; x_wconf 74' lang='lat' dir='ltr'><strong><em>praefato</em></strong></span> <span class='ocrx_word' id='word_1_16' title='bbox 847 799 926 862; x_wconf 90' lang='lat' dir='ltr'><strong><em>duci</em></strong></span> <span class='ocrx_word' id='word_1_17' title='bbox 945 799 989 863; x_wconf 88' lang='lat' dir='ltr'><strong><em>ab</em></strong></span> <span class='ocrx_word' id='word_1_18' title='bbox 1004 797 1166 879; x_wconf 90' lang='lat' dir='ltr'><strong><em>episcopo</em></strong></span> <span class='ocrx_word' id='word_1_19' title='bbox 1181 793 1293 859; x_wconf 91' lang='lat' dir='ltr'><strong><em>Vero-</em></strong></span> 
     </span>
     <span class='ocr_line' id='line_1_6' title="bbox 346 893 1295 974; baseline -0.005 -15"><span class='ocrx_word' id='word_1_20' title='bbox 346 897 443 959; x_wconf 91' lang='lat' dir='ltr'><strong><em>nensi</em></strong></span> <span class='ocrx_word' id='word_1_21' title='bbox 471 897 537 960; x_wconf 88' lang='lat' dir='ltr'><strong><em>rite</em></strong></span> <span class='ocrx_word' id='word_1_22' title='bbox 562 896 785 974; x_wconf 87' lang='lat' dir='ltr'><strong><em>denuntiatis,</em></strong></span> <span class='ocrx_word' id='word_1_23' title='bbox 816 897 898 961; x_wconf 90' lang='lat' dir='ltr'><strong><em>dum</em></strong></span> <span class='ocrx_word' id='word_1_24' title='bbox 919 896 1010 960; x_wconf 93' lang='lat' dir='ltr'><strong><em>idem</em></strong></span> <span class='ocrx_word' id='word_1_25' title='bbox 1038 895 1112 958; x_wconf 84' lang='lat' dir='ltr'><strong><em>dux</em></strong></span> <span class='ocrx_word' id='word_1_26' title='bbox 1140 893 1295 955; x_wconf 90' lang='lat' dir='ltr'><strong><em>mandati</em></strong></span> 
     </span>
     <span class='ocr_line' id='line_1_7' title="bbox 345 994 1294 1077; baseline -0.008 -16"><span class='ocrx_word' id='word_1_27' title='bbox 345 994 528 1077; x_wconf 82' lang='lat' dir='ltr'><strong><em>apostolici</em></strong></span> <span class='ocrx_word' id='word_1_28' title='bbox 549 1002 731 1077; x_wconf 86' lang='lat' dir='ltr'><strong><em>spernatur</em></strong></span> <span class='ocrx_word' id='word_1_29' title='bbox 758 997 936 1072; x_wconf 77' lang='lat' dir='ltr'>existeret,</span> <span class='ocrx_word' id='word_1_30' title='bbox 957 1011 1121 1076; x_wconf 87' lang='lat' dir='ltr'><strong><em>percussa</em></strong></span> <span class='ocrx_word' id='word_1_31' title='bbox 1144 998 1198 1055; x_wconf 87' lang='lat' dir='ltr'><strong><em>est</em></strong></span> <span class='ocrx_word' id='word_1_32' title='bbox 1225 999 1294 1055; x_wconf 89' lang='lat' dir='ltr'><strong><em>ter-</em></strong></span> 
     </span>
     <span class='ocr_line' id='line_1_8' title="bbox 346 1090 1294 1170; baseline -0.001 -15"><span class='ocrx_word' id='word_1_33' title='bbox 346 1111 387 1156; x_wconf 91' lang='lat' dir='ltr'><strong><em>ra</em></strong></span> <span class='ocrx_word' id='word_1_34' title='bbox 406 1092 498 1157; x_wconf 88' lang='lat' dir='ltr'><strong><em>illius</em></strong></span> <span class='ocrx_word' id='word_1_35' title='bbox 520 1093 703 1157; x_wconf 89' lang='lat' dir='ltr'><strong><em>sterilitate</em></strong></span> <span class='ocrx_word' id='word_1_36' title='bbox 723 1094 893 1170; x_wconf 89' lang='lat' dir='ltr'><strong><em>inaudita,</em></strong></span> <span class='ocrx_word' id='word_1_37' title='bbox 915 1093 1006 1156; x_wconf 87' lang='lat' dir='ltr'><strong><em>fame</em></strong></span> <span class='ocrx_word' id='word_1_38' title='bbox 1023 1090 1244 1154; x_wconf 88' lang='lat' dir='ltr'><strong><em>nibilominus</em></strong></span> <span class='ocrx_word' id='word_1_39' title='bbox 1259 1098 1294 1154; x_wconf 91' lang='lat' dir='ltr'><strong><em>et</em></strong></span> 
     </span>
     <span class='ocr_line' id='line_1_9' title="bbox 346 1190 1294 1275; baseline -0.007 -19"><span class='ocrx_word' id='word_1_40' title='bbox 346 1197 472 1275; x_wconf 87' lang='lat' dir='ltr'><strong><em>peste;</em></strong></span> <span class='ocrx_word' id='word_1_41' title='bbox 507 1192 690 1262; x_wconf 84' lang='lat' dir='ltr'><strong><em>Danubius</em></strong></span> <span class='ocrx_word' id='word_1_42' title='bbox 719 1193 823 1256; x_wconf 89' lang='lat' dir='ltr'><strong><em>etiam</em></strong></span> <span class='ocrx_word' id='word_1_43' title='bbox 851 1192 991 1268; x_wconf 84' lang='lat' dir='ltr'><strong><em>fluvius,</em></strong></span> <span class='ocrx_word' id='word_1_44' title='bbox 1017 1190 1054 1254; x_wconf 91' lang='lat' dir='ltr'><strong><em>in</em></strong></span> <span class='ocrx_word' id='word_1_45' title='bbox 1083 1195 1183 1272; x_wconf 90' lang='lat' dir='ltr'><strong><em>parte</em></strong></span> <span class='ocrx_word' id='word_1_46' title='bbox 1208 1207 1294 1268; x_wconf 90' lang='lat' dir='ltr'><strong><em>qua·</em></strong></span> 
     </span>
     <span class='ocr_line' id='line_1_10' title="bbox 347 1286 1295 1372; baseline -0.005 -19"><span class='ocrx_word' id='word_1_47' title='bbox 347 1290 427 1353; x_wconf 92' lang='lat' dir='ltr'><strong><em>dam</em></strong></span> <span class='ocrx_word' id='word_1_48' title='bbox 444 1296 545 1354; x_wconf 81' lang='lat' dir='ltr'><strong><em>terrae</em></strong></span> <span class='ocrx_word' id='word_1_49' title='bbox 566 1290 676 1372; x_wconf 89' lang='lat' dir='ltr'><strong><em>ipsius</em></strong></span> <span class='ocrx_word' id='word_1_50' title='bbox 697 1290 776 1372; x_wconf 87' lang='lat' dir='ltr'><strong><em>plus</em></strong></span> <span class='ocrx_word' id='word_1_51' title='bbox 798 1290 901 1354; x_wconf 90' lang='lat' dir='ltr'><strong><em>solito</em></strong></span> <span class='ocrx_word' id='word_1_52' title='bbox 915 1288 1100 1365; x_wconf 88' lang='lat' dir='ltr'><strong><em>inundans,</em></strong></span> <span class='ocrx_word' id='word_1_53' title='bbox 1116 1286 1295 1367; x_wconf 91' lang='lat' dir='ltr'><strong><em>inopinato</em></strong></span> 
     </span>
     <span class='ocr_line' id='line_1_11' title="bbox 348 1384 1294 1453; baseline -0.006 0"><span class='ocrx_word' id='word_1_54' title='bbox 348 1395 476 1453; x_wconf 86' lang='lat' dir='ltr'><strong><em>eventu</em></strong></span> <span class='ocrx_word' id='word_1_55' title='bbox 502 1388 678 1452; x_wconf 91' lang='lat' dir='ltr'><strong><em>bominum</em></strong></span> <span class='ocrx_word' id='word_1_56' title='bbox 704 1387 822 1453; x_wconf 89' lang='lat' dir='ltr'><strong><em>decem</em></strong></span> <span class='ocrx_word' id='word_1_57' title='bbox 849 1388 958 1453; x_wconf 92' lang='lat' dir='ltr'><strong><em>millia</em></strong></span> <span class='ocrx_word' id='word_1_58' title='bbox 987 1385 1183 1451; x_wconf 84' lang='lat' dir='ltr'><strong>submersit.</strong></span> <span class='ocrx_word' id='word_1_59' title='bbox 1228 1384 1294 1448; x_wconf 88' lang='lat' dir='ltr'><strong><em>Sed</em></strong></span> 
     </span>
     <span class='ocr_line' id='line_1_12' title="bbox 347 1482 1296 1560; baseline -0.004 -11"><span class='ocrx_word' id='word_1_60' title='bbox 347 1505 425 1550; x_wconf 89' lang='lat' dir='ltr'><strong><em>cum</em></strong></span> <span class='ocrx_word' id='word_1_61' title='bbox 446 1487 481 1549; x_wconf 91' lang='lat' dir='ltr'><strong><em>in</em></strong></span> <span class='ocrx_word' id='word_1_62' title='bbox 501 1486 554 1550; x_wconf 88' lang='lat' dir='ltr'><strong><em>his</em></strong></span> <span class='ocrx_word' id='word_1_63' title='bbox 576 1487 735 1551; x_wconf 89' lang='lat' dir='ltr'><strong><em>omnibus</em></strong></span> <span class='ocrx_word' id='word_1_64' title='bbox 756 1507 824 1551; x_wconf 93' lang='lat' dir='ltr'><strong><em>uon</em></strong></span> <span class='ocrx_word' id='word_1_65' title='bbox 845 1486 892 1551; x_wconf 90' lang='lat' dir='ltr'><strong><em>sit</em></strong></span> <span class='ocrx_word' id='word_1_66' title='bbox 909 1504 1052 1551; x_wconf 86' lang='lat' dir='ltr'><strong><em>aversus</em></strong></span> <span class='ocrx_word' id='word_1_67' title='bbox 1072 1484 1168 1547; x_wconf 86' lang='lat' dir='ltr'><strong><em>furor</em></strong></span> <span class='ocrx_word' id='word_1_68' title='bbox 1186 1482 1296 1560; x_wconf 89' lang='lat' dir='ltr'><strong><em>ducis,</em></strong></span> 
     </span>
     <span class='ocr_line' id='line_1_13' title="bbox 349 1581 1296 1667; baseline -0.003 -20"><span class='ocrx_word' id='word_1_69' title='bbox 349 1585 418 1648; x_wconf 92' lang='lat' dir='ltr'><strong><em>imo</em></strong></span> <span class='ocrx_word' id='word_1_70' title='bbox 441 1583 477 1647; x_wconf 91' lang='lat' dir='ltr'><strong><em>in</em></strong></span> <span class='ocrx_word' id='word_1_71' title='bbox 498 1585 650 1649; x_wconf 90' lang='lat' dir='ltr'><strong><em>deterius</em></strong></span> <span class='ocrx_word' id='word_1_72' title='bbox 674 1592 898 1667; x_wconf 79' lang='lat' dir='ltr'><strong><em>aggravatus,</em></strong></span> <span class='ocrx_word' id='word_1_73' title='bbox 922 1585 996 1667; x_wconf 86' lang='lat' dir='ltr'><strong><em>ipse</em></strong></span> <span class='ocrx_word' id='word_1_74' title='bbox 1022 1583 1138 1648; x_wconf 89' lang='lat' dir='ltr'><strong><em>divino</em></strong></span> <span class='ocrx_word' id='word_1_75' title='bbox 1162 1581 1296 1665; x_wconf 90' lang='lat' dir='ltr'><strong><em>judicio</em></strong></span> 
     </span>
     <span class='ocr_line' id='line_1_14' title="bbox 350 1681 1297 1766; baseline -0.005 -19"><span class='ocrx_word' id='word_1_76' title='bbox 350 1683 547 1747; x_wconf 79' lang='lat' dir='ltr'><strong><em>terribiliter</em></strong></span> <span class='ocrx_word' id='word_1_77' title='bbox 574 1701 757 1766; x_wconf 85' lang='lat' dir='ltr'><strong><em>percussus</em></strong></span> <span class='ocrx_word' id='word_1_78' title='bbox 787 1691 866 1763; x_wconf 89' lang='lat' dir='ltr'><strong><em>est;</em></strong></span> <span class='ocrx_word' id='word_1_79' title='bbox 901 1683 957 1747; x_wconf 91' lang='lat' dir='ltr'><strong><em>die</em></strong></span> <span class='ocrx_word' id='word_1_80' title='bbox 985 1681 1153 1765; x_wconf 88' lang='lat' dir='ltr'><strong><em>siquidem</em></strong></span> <span class='ocrx_word' id='word_1_81' title='bbox 1185 1681 1297 1743; x_wconf 88' lang='lat' dir='ltr'><strong><em>sancti</em></strong></span> 
     </span>
     <span class='ocr_line' id='line_1_15' title="bbox 349 1778 1296 1863; baseline -0.005 -18"><span class='ocrx_word' id='word_1_82' title='bbox 349 1780 529 1862; x_wconf 81' lang='lat' dir='ltr'><strong><em>Stephani,</em></strong></span> <span class='ocrx_word' id='word_1_83' title='bbox 548 1800 626 1844; x_wconf 91' lang='lat' dir='ltr'><strong><em>cnm</em></strong></span> <span class='ocrx_word' id='word_1_84' title='bbox 651 1781 839 1862; x_wconf 82' lang='lat' dir='ltr'><strong><em>equitando</em></strong></span> <span class='ocrx_word' id='word_1_85' title='bbox 864 1782 977 1845; x_wconf 89' lang='lat' dir='ltr'><strong><em>lusum</em></strong></span> <span class='ocrx_word' id='word_1_86' title='bbox 998 1786 1169 1863; x_wconf 81' lang='lat' dir='ltr'><strong><em>pergeret,</em></strong></span> <span class='ocrx_word' id='word_1_87' title='bbox 1193 1778 1296 1842; x_wconf 89' lang='lat' dir='ltr'><strong><em>sociis</em></strong></span> 
     </span>
     <span class='ocr_line' id='line_1_16' title="bbox 351 1877 1298 1962; baseline -0.002 -21"><span class='ocrx_word' id='word_1_88' title='bbox 351 1879 606 1956; x_wconf 88' lang='lat' dir='ltr'><strong><em>comitantibus,</em></strong></span> <span class='ocrx_word' id='word_1_89' title='bbox 633 1898 754 1962; x_wconf 88' lang='lat' dir='ltr'><strong><em>equus,</em></strong></span> <span class='ocrx_word' id='word_1_90' title='bbox 785 1882 839 1943; x_wconf 92' lang='lat' dir='ltr'><strong><em>cui</em></strong></span> <span class='ocrx_word' id='word_1_91' title='bbox 864 1880 937 1944; x_wconf 79' lang='lat' dir='ltr'><strong><em>dux</em></strong></span> <span class='ocrx_word' id='word_1_92' title='bbox 961 1879 1145 1954; x_wconf 82' lang='lat' dir='ltr'><strong><em>insidebat,</em></strong></span> <span class='ocrx_word' id='word_1_93' title='bbox 1167 1877 1298 1941; x_wconf 89' lang='lat' dir='ltr'><strong><em>violen-</em></strong></span> 
     </span>
     <span class='ocr_line' id='line_1_17' title="bbox 352 1975 1299 2058; baseline -0.002 -18"><span class='ocrx_word' id='word_1_94' title='bbox 352 1984 405 2040; x_wconf 86' lang='lat' dir='ltr'><strong><em>ter</em></strong></span> <span class='ocrx_word' id='word_1_95' title='bbox 429 1976 551 2058; x_wconf 90' lang='lat' dir='ltr'><strong><em>pedem</em></strong></span> <span class='ocrx_word' id='word_1_96' title='bbox 580 1976 756 2042; x_wconf 86' lang='lat' dir='ltr'><strong><em>offendens</em></strong></span> <span class='ocrx_word' id='word_1_97' title='bbox 783 1978 902 2042; x_wconf 90' lang='lat' dir='ltr'><strong><em>tibiam</em></strong></span> <span class='ocrx_word' id='word_1_98' title='bbox 934 1977 1085 2042; x_wconf 88' lang='lat' dir='ltr'><strong><em>sedentis</em></strong></span> <span class='ocrx_word' id='word_1_99' title='bbox 1110 1994 1187 2039; x_wconf 90' lang='lat' dir='ltr'><strong><em>cum</em></strong></span> <span class='ocrx_word' id='word_1_100' title='bbox 1212 1975 1299 2057; x_wconf 91' lang='lat' dir='ltr'><strong><em>pede</em></strong></span> 
     </span>
     <span class='ocr_line' id='line_1_18' title="bbox 352 2073 1298 2156; baseline 0.002 -20"><span class='ocrx_word' id='word_1_101' title='bbox 352 2073 589 2138; x_wconf 87' lang='lat' dir='ltr'><strong><em>insanabiliter</em></strong></span> <span class='ocrx_word' id='word_1_102' title='bbox 610 2077 784 2154; x_wconf 86' lang='lat' dir='ltr'><strong><em>contrivit,</em></strong></span> <span class='ocrx_word' id='word_1_103' title='bbox 806 2097 887 2141; x_wconf 90' lang='lat' dir='ltr'><strong><em>nam</em></strong></span> <span class='ocrx_word' id='word_1_104' title='bbox 908 2077 993 2142; x_wconf 91' lang='lat' dir='ltr'><strong><em>tibia</em></strong></span> <span class='ocrx_word' id='word_1_105' title='bbox 1014 2096 1093 2140; x_wconf 89' lang='lat' dir='ltr'><strong><em>cum</em></strong></span> <span class='ocrx_word' id='word_1_106' title='bbox 1115 2073 1201 2156; x_wconf 89' lang='lat' dir='ltr'><strong><em>pede</em></strong></span> <span class='ocrx_word' id='word_1_107' title='bbox 1219 2093 1298 2155; x_wconf 91' lang='lat' dir='ltr'><strong><em>pro-</em></strong></span> 
     </span>
     <span class='ocr_line' id='line_1_19' title="bbox 352 2172 1298 2259; baseline -0.002 -23"><span class='ocrx_word' id='word_1_108' title='bbox 352 2172 448 2236; x_wconf 90' lang='lat' dir='ltr'><strong><em>tinus</em></strong></span> <span class='ocrx_word' id='word_1_109' title='bbox 475 2173 662 2257; x_wconf 91' lang='lat' dir='ltr'><strong><em>conjuncta</em></strong></span> <span class='ocrx_word' id='word_1_110' title='bbox 689 2176 868 2258; x_wconf 77' lang='lat' dir='ltr'><strong><em>nigredine</em></strong></span> <span class='ocrx_word' id='word_1_111' title='bbox 894 2175 1044 2259; x_wconf 88' lang='lat' dir='ltr'><strong><em>quadam</em></strong></span> <span class='ocrx_word' id='word_1_112' title='bbox 1068 2174 1298 2237; x_wconf 81' lang='lat' dir='ltr'><strong><em>intumescens</em></strong></span> 
     </span>
     <span class='ocr_line' id='line_1_20' title="bbox 353 2270 1299 2358; baseline 0.001 -26"><span class='ocrx_word' id='word_1_113' title='bbox 353 2270 448 2334; x_wconf 89' lang='lat' dir='ltr'><strong><em>nullo</em></strong></span> <span class='ocrx_word' id='word_1_114' title='bbox 484 2272 692 2336; x_wconf 88' lang='lat' dir='ltr'><strong><em>medicorum</em></strong></span> <span class='ocrx_word' id='word_1_115' title='bbox 733 2274 846 2358; x_wconf 89' lang='lat' dir='ltr'><strong><em>potuit</em></strong></span> <span class='ocrx_word' id='word_1_116' title='bbox 883 2274 1132 2356; x_wconf 88' lang='lat' dir='ltr'><strong><em>cataplasmate</em></strong></span> <span class='ocrx_word' id='word_1_117' title='bbox 1173 2270 1299 2345; x_wconf 87' lang='lat' dir='ltr'><strong><em>sedari,</em></strong></span> 
     </span>
     <span class='ocr_line' id='line_1_21' title="bbox 351 2369 1299 2452; baseline 0.002 -22"><span class='ocrx_word' id='word_1_118' title='bbox 351 2369 435 2450; x_wconf 83' lang='lat' dir='ltr'><strong><em>quin</em></strong></span> <span class='ocrx_word' id='word_1_119' title='bbox 463 2369 548 2452; x_wconf 78' lang='lat' dir='ltr'><strong><em>igni,</em></strong></span> <span class='ocrx_word' id='word_1_120' title='bbox 573 2391 675 2452; x_wconf 91' lang='lat' dir='ltr'><strong><em>quem</em></strong></span> <span class='ocrx_word' id='word_1_121' title='bbox 703 2372 904 2436; x_wconf 87' lang='lat' dir='ltr'><strong><em>insemalem</em></strong></span> <span class='ocrx_word' id='word_1_122' title='bbox 930 2379 1068 2449; x_wconf 89' lang='lat' dir='ltr'><strong><em>vocant,</em></strong></span> <span class='ocrx_word' id='word_1_123' title='bbox 1091 2370 1217 2434; x_wconf 89' lang='lat' dir='ltr'><strong><em>tumori</em></strong></span> <span class='ocrx_word' id='word_1_124' title='bbox 1240 2369 1299 2434; x_wconf 89' lang='lat' dir='ltr'><strong><em>ad-</em></strong></span> 
     </span>
     <span class='ocr_line' id='line_1_22' title="bbox 353 2467 1300 2546; baseline 0.001 -17"><span class='ocrx_word' id='word_1_125' title='bbox 353 2467 464 2531; x_wconf 90' lang='lat' dir='ltr'><strong><em>mixto</em></strong></span> <span class='ocrx_word' id='word_1_126' title='bbox 503 2469 766 2534; x_wconf 79' lang='lat' dir='ltr'><strong><em>intolerabiliter</em></strong></span> <span class='ocrx_word' id='word_1_127' title='bbox 803 2471 1024 2535; x_wconf 82' lang='lat' dir='ltr'><strong><em>cruciaretur.</em></strong></span> <span class='ocrx_word' id='word_1_128' title='bbox 1080 2468 1193 2546; x_wconf 87' lang='lat' dir='ltr'><strong><em>Quem</em></strong></span> <span class='ocrx_word' id='word_1_129' title='bbox 1228 2468 1300 2531; x_wconf 88' lang='lat' dir='ltr'><strong><em>dux</em></strong></span> 
     </span>
     <span class='ocr_line' id='line_1_23' title="bbox 353 2565 1301 2651; baseline 0.001 -22"><span class='ocrx_word' id='word_1_130' title='bbox 353 2567 544 2631; x_wconf 88' lang='lat' dir='ltr'><strong><em>cruciatum</em></strong></span> <span class='ocrx_word' id='word_1_131' title='bbox 566 2567 654 2632; x_wconf 86' lang='lat' dir='ltr'><strong><em>ferre</em></strong></span> <span class='ocrx_word' id='word_1_132' title='bbox 678 2588 747 2633; x_wconf 93' lang='lat' dir='ltr'><strong><em>non</em></strong></span> <span class='ocrx_word' id='word_1_133' title='bbox 772 2570 892 2633; x_wconf 86' lang='lat' dir='ltr'><strong><em>valens</em></strong></span> <span class='ocrx_word' id='word_1_134' title='bbox 915 2570 1036 2651; x_wconf 86' lang='lat' dir='ltr'><strong><em>pedem</em></strong></span> <span class='ocrx_word' id='word_1_135' title='bbox 1057 2587 1079 2631; x_wconf 89' lang='lat' dir='ltr'><strong><em>a</em></strong></span> <span class='ocrx_word' id='word_1_136' title='bbox 1100 2586 1198 2630; x_wconf 89' lang='lat' dir='ltr'><strong><em>crure</em></strong></span> <span class='ocrx_word' id='word_1_137' title='bbox 1219 2565 1301 2630; x_wconf 82' lang='lat' dir='ltr'><strong><em>feeit</em></strong></span> 
     </span>
     <span class='ocr_line' id='line_1_24' title="bbox 353 2660 1301 2749; baseline 0 -22"><span class='ocrx_word' id='word_1_138' title='bbox 353 2664 561 2743; x_wconf 90' lang='lat' dir='ltr'><strong><em>detruncari,</em></strong></span> <span class='ocrx_word' id='word_1_139' title='bbox 576 2660 671 2749; x_wconf 81' lang='lat' dir='ltr'><strong><em>²ipsu</em></strong></span> <span class='ocrx_word' id='word_1_140' title='bbox 688 2666 824 2731; x_wconf 91' lang='lat' dir='ltr'><strong><em>interim</em></strong></span> <span class='ocrx_word' id='word_1_141' title='bbox 841 2667 1020 2730; x_wconf 89' lang='lat' dir='ltr'><strong><em>dolabrum</em></strong></span> <span class='ocrx_word' id='word_1_142' title='bbox 1035 2674 1185 2741; x_wconf 88' lang='lat' dir='ltr'><strong><em>tenente,</em></strong></span> <span class='ocrx_word' id='word_1_143' title='bbox 1200 2672 1301 2728; x_wconf 86' lang='lat' dir='ltr'><strong><em>caete-</em></strong></span> 
     </span>
     <span class='ocr_line' id='line_1_25' title="bbox 354 2762 1299 2847; baseline 0.001 -22"><span class='ocrx_word' id='word_1_144' title='bbox 354 2762 403 2825; x_wconf 90' lang='lat' dir='ltr'><strong><em>ris</em></strong></span> <span class='ocrx_word' id='word_1_145' title='bbox 429 2765 587 2827; x_wconf 91' lang='lat' dir='ltr'><strong><em>omnibus</em></strong></span> <span class='ocrx_word' id='word_1_146' title='bbox 608 2784 679 2847; x_wconf 88' lang='lat' dir='ltr'><strong><em>pree</em></strong></span> <span class='ocrx_word' id='word_1_147' title='bbox 698 2766 802 2828; x_wconf 91' lang='lat' dir='ltr'><strong><em>nimio</em></strong></span> <span class='ocrx_word' id='word_1_148' title='bbox 822 2765 961 2829; x_wconf 90' lang='lat' dir='ltr'><strong><em>horrore</em></strong></span> <span class='ocrx_word' id='word_1_149' title='bbox 982 2765 1048 2829; x_wconf 90' lang='lat' dir='ltr'><strong><em>boc</em></strong></span> <span class='ocrx_word' id='word_1_150' title='bbox 1068 2765 1180 2827; x_wconf 83' lang='lat' dir='ltr'><strong><em>iacere</em></strong></span> <span class='ocrx_word' id='word_1_151' title='bbox 1202 2783 1299 2827; x_wconf 90' lang='lat' dir='ltr'><strong><em>renu-</em></strong></span> 
     </span>
     <span class='ocr_line' id='line_1_26' title="bbox 355 2859 1299 2942; baseline -0.002 -17"><span class='ocrx_word' id='word_1_152' title='bbox 355 2859 508 2942; x_wconf 78' lang='lat' dir='ltr'><strong><em>entibus3</em></strong></span> <span class='ocrx_word' id='word_1_153' title='bbox 525 2862 585 2926; x_wconf 90' lang='lat' dir='ltr'><strong><em>sed</em></strong></span> <span class='ocrx_word' id='word_1_154' title='bbox 601 2883 670 2926; x_wconf 89' lang='lat' dir='ltr'><strong><em>non</em></strong></span> <span class='ocrx_word' id='word_1_155' title='bbox 686 2864 736 2926; x_wconf 90' lang='lat' dir='ltr'><strong><em>sic</em></strong></span> <span class='ocrx_word' id='word_1_156' title='bbox 750 2863 878 2927; x_wconf 90' lang='lat' dir='ltr'><strong><em>doloris</em></strong></span> <span class='ocrx_word' id='word_1_157' title='bbox 893 2864 1066 2927; x_wconf 87' lang='lat' dir='ltr'><strong><em>cruciatus</em></strong></span> <span class='ocrx_word' id='word_1_158' title='bbox 1083 2862 1207 2938; x_wconf 89' lang='lat' dir='ltr'><strong><em>evasit,</em></strong></span> <span class='ocrx_word' id='word_1_159' title='bbox 1221 2880 1299 2924; x_wconf 91' lang='lat' dir='ltr'><strong><em>nam</em></strong></span> 
     </span>
     <span class='ocr_line' id='line_1_27' title="bbox 355 2957 1300 3043; baseline 0.004 -23"><span class='ocrx_word' id='word_1_160' title='bbox 355 2957 449 3022; x_wconf 90' lang='lat' dir='ltr'><strong><em>illico</em></strong></span> <span class='ocrx_word' id='word_1_161' title='bbox 471 2960 582 3023; x_wconf 81' lang='lat' dir='ltr'><strong><em>femur</em></strong></span> <span class='ocrx_word' id='word_1_162' title='bbox 603 2980 681 3023; x_wconf 91' lang='lat' dir='ltr'><strong><em>cum</em></strong></span> <span class='ocrx_word' id='word_1_163' title='bbox 703 2981 846 3043; x_wconf 90' lang='lat' dir='ltr'><strong><em>corpore</em></strong></span> <span class='ocrx_word' id='word_1_164' title='bbox 866 2962 999 3043; x_wconf 90' lang='lat' dir='ltr'><strong><em>reliquo</em></strong></span> <span class='ocrx_word' id='word_1_165' title='bbox 1021 2962 1100 3042; x_wconf 84' lang='lat' dir='ltr'><strong><em>igne</em></strong></span> <span class='ocrx_word' id='word_1_166' title='bbox 1122 2960 1182 3023; x_wconf 92' lang='lat' dir='ltr'><strong><em>illo</em></strong></span> <span class='ocrx_word' id='word_1_167' title='bbox 1200 2979 1300 3024; x_wconf 82' lang='lat' dir='ltr'><strong><em>exse·</em></strong></span> 
     </span>
     <span class='ocr_line' id='line_1_28' title="bbox 356 3057 1300 3140; baseline 0.003 -22"><span class='ocrx_word' id='word_1_168' title='bbox 356 3057 529 3120; x_wconf 88' lang='lat' dir='ltr'><strong><em>erabiliter</em></strong></span> <span class='ocrx_word' id='word_1_169' title='bbox 556 3057 816 3139; x_wconf 88' lang='lat' dir='ltr'><strong><em>depascebatur.</em></strong></span> <span class='ocrx_word' id='word_1_170' title='bbox 868 3059 1022 3123; x_wconf 86' lang='lat' dir='ltr'><strong><em>Tandem</em></strong></span> <span class='ocrx_word' id='word_1_171' title='bbox 1052 3079 1133 3122; x_wconf 89' lang='lat' dir='ltr'><strong><em>vero</em></strong></span> <span class='ocrx_word' id='word_1_172' title='bbox 1163 3059 1300 3140; x_wconf 88' lang='lat' dir='ltr'><strong><em>culpam</em></strong></span> 
     </span>
     <span class='ocr_line' id='line_1_29' title="bbox 357 3156 1302 3239; baseline 0.004 -24"><span class='ocrx_word' id='word_1_173' title='bbox 357 3172 606 3234; x_wconf 88' lang='lat' dir='ltr'><strong><em>recognoscens</em></strong></span> <span class='ocrx_word' id='word_1_174' title='bbox 633 3156 799 3238; x_wconf 89' lang='lat' dir='ltr'><strong><em>iniquam,</em></strong></span> <span class='ocrx_word' id='word_1_175' title='bbox 824 3177 927 3239; x_wconf 90' lang='lat' dir='ltr'><strong><em>quam</em></strong></span> <span class='ocrx_word' id='word_1_176' title='bbox 953 3159 987 3220; x_wconf 93' lang='lat' dir='ltr'><strong><em>in</em></strong></span> <span class='ocrx_word' id='word_1_177' title='bbox 1017 3175 1131 3239; x_wconf 85' lang='lat' dir='ltr'><strong><em>regem</em></strong></span> <span class='ocrx_word' id='word_1_178' title='bbox 1155 3164 1191 3220; x_wconf 96' lang='lat' dir='ltr'><strong><em>et</em></strong></span> <span class='ocrx_word' id='word_1_179' title='bbox 1221 3176 1302 3220; x_wconf 89' lang='lat' dir='ltr'><strong><em>suos</em></strong></span> 
     </span>
     <span class='ocr_line' id='line_1_30' title="bbox 358 3250 1300 3336; baseline 0.005 -25"><span class='ocrx_word' id='word_1_180' title='bbox 358 3250 527 3316; x_wconf 87' lang='lat' dir='ltr'><strong><em>malitiose</em></strong></span> <span class='ocrx_word' id='word_1_181' title='bbox 551 3263 765 3332; x_wconf 88' lang='lat' dir='ltr'><strong><em>exercuerat,</em></strong></span> <span class='ocrx_word' id='word_1_182' title='bbox 786 3256 1010 3319; x_wconf 89' lang='lat' dir='ltr'><strong><em>suadentibus</em></strong></span> <span class='ocrx_word' id='word_1_183' title='bbox 1036 3253 1218 3336; x_wconf 90' lang='lat' dir='ltr'><strong><em>episcopis,</em></strong></span> <span class='ocrx_word' id='word_1_184' title='bbox 1241 3254 1300 3336; x_wconf 92' lang='lat' dir='ltr'><strong><em>qui</em></strong></span> 
     </span>
     <span class='ocr_line' id='line_1_31' title="bbox 358 3347 1301 3434; baseline 0.005 -23"><span class='ocrx_word' id='word_1_185' title='bbox 358 3347 514 3427; x_wconf 89' lang='lat' dir='ltr'><strong><em>aderant,</em></strong></span> <span class='ocrx_word' id='word_1_186' title='bbox 539 3352 673 3416; x_wconf 89' lang='lat' dir='ltr'><strong><em>obsides</em></strong></span> <span class='ocrx_word' id='word_1_187' title='bbox 699 3353 860 3432; x_wconf 86' lang='lat' dir='ltr'><strong><em>absolvit,</em></strong></span> <span class='ocrx_word' id='word_1_188' title='bbox 885 3362 921 3418; x_wconf 90' lang='lat' dir='ltr'><strong><em>et</em></strong></span> <span class='ocrx_word' id='word_1_189' title='bbox 943 3354 1115 3417; x_wconf 87' lang='lat' dir='ltr'><strong><em>residuum</em></strong></span> <span class='ocrx_word' id='word_1_190' title='bbox 1146 3353 1301 3434; x_wconf 75' lang='lat' dir='ltr'><strong><em>pecuniae</em></strong></span> 
     </span>
     <span class='ocr_line' id='line_1_32' title="bbox 358 3446 1299 3535; baseline 0.005 -26"><span class='ocrx_word' id='word_1_191' title='bbox 358 3446 401 3510; x_wconf 96' lang='lat' dir='ltr'><strong><em>de</em></strong></span> <span class='ocrx_word' id='word_1_192' title='bbox 423 3448 656 3532; x_wconf 90' lang='lat' dir='ltr'><strong><em>redemptione</em></strong></span> <span class='ocrx_word' id='word_1_193' title='bbox 678 3453 770 3533; x_wconf 82' lang='lat' dir='ltr'><strong><em>regis</em></strong></span> <span class='ocrx_word' id='word_1_194' title='bbox 791 3461 827 3516; x_wconf 89' lang='lat' dir='ltr'><strong><em>et</em></strong></span> <span class='ocrx_word' id='word_1_195' title='bbox 848 3452 940 3535; x_wconf 92' lang='lat' dir='ltr'><strong><em>quod</em></strong></span> <span class='ocrx_word' id='word_1_196' title='bbox 964 3457 1139 3534; x_wconf 87' lang='lat' dir='ltr'><strong><em>receperat</em></strong></span> <span class='ocrx_word' id='word_1_197' title='bbox 1161 3471 1199 3515; x_wconf 87' lang='lat' dir='ltr'><strong><em>se</em></strong></span> <span class='ocrx_word' id='word_1_198' title='bbox 1223 3451 1299 3514; x_wconf 89' lang='lat' dir='ltr'><strong><em>red-</em></strong></span> 
     </span>
     <span class='ocr_line' id='line_1_33' title="bbox 358 3545 1303 3633; baseline 0.004 -25"><span class='ocrx_word' id='word_1_199' title='bbox 358 3545 510 3611; x_wconf 89' lang='lat' dir='ltr'><strong><em>diturum</em></strong></span> <span class='ocrx_word' id='word_1_200' title='bbox 532 3550 728 3633; x_wconf 88' lang='lat' dir='ltr'><strong><em>spopondit,</em></strong></span> <span class='ocrx_word' id='word_1_201' title='bbox 754 3558 859 3633; x_wconf 89' lang='lat' dir='ltr'><strong><em>atque</em></strong></span> <span class='ocrx_word' id='word_1_202' title='bbox 883 3550 1124 3615; x_wconf 72' lang='lat' dir='ltr'><strong><em>ecclesiasticae</em></strong></span> <span class='ocrx_word' id='word_1_203' title='bbox 1149 3568 1303 3613; x_wconf 87' lang='lat' dir='ltr'><strong><em>censurae</em></strong></span> 
     </span>
     <span class='ocr_line' id='line_1_34' title="bbox 359 3645 1303 3731; baseline 0.004 -24"><span class='ocrx_word' id='word_1_204' title='bbox 359 3662 397 3707; x_wconf 83' lang='lat' dir='ltr'><strong><em>se</em></strong></span> <span class='ocrx_word' id='word_1_205' title='bbox 416 3645 576 3730; x_wconf 89' lang='lat' dir='ltr'><strong><em>deinceps</em></strong></span> <span class='ocrx_word' id='word_1_206' title='bbox 597 3649 789 3729; x_wconf 89' lang='lat' dir='ltr'><strong><em>pariturum</em></strong></span> <span class='ocrx_word' id='word_1_207' title='bbox 811 3649 979 3731; x_wconf 84' lang='lat' dir='ltr'><strong><em>promisit.</em></strong></span> <span class='ocrx_word' id='word_1_208' title='bbox 1016 3649 1117 3712; x_wconf 87' lang='lat' dir='ltr'><strong><em>Tunc</em></strong></span> <span class='ocrx_word' id='word_1_209' title='bbox 1137 3648 1303 3729; x_wconf 87' lang='lat' dir='ltr'><strong><em>episcopi,</em></strong></span> 
     </span>
     <span class='ocr_line' id='line_1_35' title="bbox 360 3743 1305 3823; baseline 0.004 -18"><span class='ocrx_word' id='word_1_210' title='bbox 360 3743 420 3823; x_wconf 89' lang='lat' dir='ltr'><strong><em>qui</em></strong></span> <span class='ocrx_word' id='word_1_211' title='bbox 445 3744 602 3822; x_wconf 89' lang='lat' dir='ltr'><strong><em>aderant,</em></strong></span> <span class='ocrx_word' id='word_1_212' title='bbox 629 3746 785 3810; x_wconf 88' lang='lat' dir='ltr'><strong><em>videntes</em></strong></span> <span class='ocrx_word' id='word_1_213' title='bbox 810 3767 888 3811; x_wconf 86' lang='lat' dir='ltr'><strong><em>eum</em></strong></span> <span class='ocrx_word' id='word_1_214' title='bbox 913 3747 949 3810; x_wconf 93' lang='lat' dir='ltr'><strong><em>in</em></strong></span> <span class='ocrx_word' id='word_1_215' title='bbox 974 3753 1074 3810; x_wconf 91' lang='lat' dir='ltr'><strong><em>tanta</em></strong></span> <span class='ocrx_word' id='word_1_216' title='bbox 1104 3747 1241 3809; x_wconf 90' lang='lat' dir='ltr'><strong><em>miseria</em></strong></span> <span class='ocrx_word' id='word_1_217' title='bbox 1268 3754 1305 3810; x_wconf 90' lang='lat' dir='ltr'><strong><em>et</em></strong></span> 
     </span>
     <span class='ocr_line' id='line_1_36' title="bbox 360 3841 1306 3921; baseline 0.003 -18"><span class='ocrx_word' id='word_1_218' title='bbox 360 3841 557 3908; x_wconf 91' lang='lat' dir='ltr'><strong><em>calamitate</em></strong></span> <span class='ocrx_word' id='word_1_219' title='bbox 576 3846 813 3921; x_wconf 86' lang='lat' dir='ltr'><strong><em>constitutum,</em></strong></span> <span class='ocrx_word' id='word_1_220' title='bbox 835 3863 857 3907; x_wconf 89' lang='lat' dir='ltr'><strong><em>a</em></strong></span> <span class='ocrx_word' id='word_1_221' title='bbox 876 3845 1049 3909; x_wconf 90' lang='lat' dir='ltr'><strong><em>sententia</em></strong></span> <span class='ocrx_word' id='word_1_222' title='bbox 1071 3845 1306 3908; x_wconf 86' lang='lat' dir='ltr'><strong><em>excommuni-</em></strong></span> 
     </span>
     <span class='ocr_line' id='line_1_37' title="bbox 359 3939 1305 4007; baseline 0.003 -6"><span class='ocrx_word' id='word_1_223' title='bbox 359 3939 505 4004; x_wconf 89' lang='lat' dir='ltr'><strong><em>cationis</em></strong></span> <span class='ocrx_word' id='word_1_224' title='bbox 531 3943 750 4006; x_wconf 86' lang='lat' dir='ltr'><strong><em>absolventes</em></strong></span> <span class='ocrx_word' id='word_1_225' title='bbox 782 3944 825 4006; x_wconf 88' lang='lat' dir='ltr'><strong><em>ad</em></strong></span> <span class='ocrx_word' id='word_1_226' title='bbox 854 3944 1124 4007; x_wconf 89' lang='lat' dir='ltr'><strong><em>communionem</em></strong></span> <span class='ocrx_word' id='word_1_227' title='bbox 1153 3942 1305 4005; x_wconf 86' lang='lat' dir='ltr'><strong><em>fidelium</em></strong></span> 
     </span>
    </p>
   </div>
   <div class='ocr_carea' id='block_1_5' title="bbox 358 4114 1305 4255">
    <p class='ocr_par' dir='ltr' id='par_1_6' title="bbox 358 4114 1305 4255">
     <span class='ocr_line' id='line_1_38' title="bbox 395 4114 1305 4188; baseline 0.009 -23"><span class='ocrx_word' id='word_1_228' title='bbox 395 4114 402 4144; x_wconf 93' lang='lat'>¹</span> <span class='ocrx_word' id='word_1_229' title='bbox 416 4119 468 4167; x_wconf 78' lang='lat' dir='ltr'><strong><em>Hir</em></strong></span> <span class='ocrx_word' id='word_1_230' title='bbox 478 4122 607 4186; x_wconf 60' lang='lat' dir='ltr'><strong><em>omnibu]</em></strong></span> <span class='ocrx_word' id='word_1_231' title='bbox 620 4124 693 4174; x_wconf 84' lang='lat' dir='ltr'><strong><em>From</em></strong></span> <span class='ocrx_word' id='word_1_232' title='bbox 706 4124 816 4188; x_wconf 77' lang='lat' dir='ltr'><strong><em>Cogges·</em></strong></span> <span class='ocrx_word' id='word_1_233' title='bbox 877 4123 952 4186; x_wconf 78' lang='lat' dir='ltr'><strong><em>²ipso</em></strong></span> <span class='ocrx_word' id='word_1_234' title='bbox 969 4125 1069 4173; x_wconf 76' lang='lat' dir='ltr'><strong><em>interim</em></strong></span> <span class='ocrx_word' id='word_1_235' title='bbox 1084 4123 1208 4172; x_wconf 67' lang='lat' dir='ltr'><strong><em>mabam</em></strong></span> <span class='ocrx_word' id='word_1_236' title='bbox 1223 4128 1305 4175; x_wconf 59' lang='lat' dir='ltr'><strong><em>terem</em></strong></span> 
     </span>
     <span class='ocr_line' id='line_1_39' title="bbox 358 4184 1169 4255; baseline 0.011 -22"><span class='ocrx_word' id='word_1_237' title='bbox 358 4184 426 4248; x_wconf 86' lang='lat' dir='ltr'><strong><em>bele,</em></strong></span> <span class='ocrx_word' id='word_1_238' title='bbox 437 4189 485 4238; x_wconf 90' lang='lat' dir='ltr'><strong><em>col.</em></strong></span> <span class='ocrx_word' id='word_1_239' title='bbox 498 4194 554 4241; x_wconf 75' lang='grc'><strong><em>831.</em></strong></span> <span class='ocrx_word' id='word_1_240' title='bbox 842 4194 887 4255; x_wconf 71' lang='lat' dir='ltr'><strong><em>ta]</em></strong></span> <span class='ocrx_word' id='word_1_241' title='bbox 906 4193 1063 4255; x_wconf 77' lang='lat' dir='ltr'><strong><em>Newburgb,</em></strong></span> <span class='ocrx_word' id='word_1_242' title='bbox 1073 4208 1101 4255; x_wconf 86' lang='lat' dir='ltr'><strong><em>p.</em></strong></span> <span class='ocrx_word' id='word_1_243' title='bbox 1113 4196 1169 4243; x_wconf 76' lang='lat'>515.</span> 
     </span>
    </p>
   </div>
   <div class='ocr_carea' id='block_1_6' title="bbox 0 0 1512 5016">
    <p class='ocr_par' dir='ltr' id='par_1_7' title="bbox 0 0 1512 5016">
     <span class='ocr_line' id='line_1_40' title="bbox 0 0 1512 5016; baseline 0 0"><span class='ocrx_word' id='word_1_244' title='bbox 0 0 1512 5016; x_wconf 95' lang='lat' dir='ltr'><strong><em> </em></strong></span> 
     </span>
    </p>
   </div>
  </div>
 </body>
</html>
