2970 5016
370 488 508 536 neonus
533 487 804 536 ursronrnnuu.
1027 472 1072 536 29

120 648 185 710 hus
202 646 372 729 personis,
388 665 467 727 qum
489 654 589 709 erant
606 647 641 708 in
664 648 744 710 navi
765 647 1072 723 Londoniensium,
1086 666 1139 706 no.
1151 665 1205 703 nn.

120 746 302 810 visibiliter
330 746 504 828 apparuit,
532 746 649 809 dicens
676 748 738 823 eis,
762 747 904 810 ‘Nolite
939 749 1072 824 terreri,

120 846 293 926 egoenim
311 853 346 909 et
365 846 487 909 beatus
513 853 645 927 martyr
660 846 864 909 Edmundus
882 854 917 910 et
931 855 1073 910 sanctus

122 946 298 1009 confessor
326 944 494 1008 Nicolaus
526 944 707 1009 constituti
738 965 858 1008 sumus
883 946 1073 1010 aDomino

124 1044 227 1127 hujus
262 1045 392 1125 navigii
430 1043 523 1125 regis
552 1043 690 1126 Angliae
724 1044 950 1123 defensores3
980 1052 1016 1109 et
1043 1047 1073 1108 si

125 1142 279 1207 homines
308 1153 343 1206 et
370 1143 473 1225 hujus
502 1143 632 1225 navigii
660 1151 811 1208 rectores
844 1163 865 1207 a
892 1145 1009 1227 pravis
1036 1165 1076 1208 so

124 1244 286 1324 operibus
303 1242 541 1319 custodierint,
558 1242 601 1306 de
624 1244 810 1324 praeteritis
833 1244 936 1307 etiam
960 1245 1074 1327 poeni-

125 1344 270 1406 tentiam
294 1343 439 1423 egerint,
462 1342 558 1405 dabit
581 1342 650 1404 illis
674 1342 845 1406 Dominus
873 1363 1075 1425 prosperum

126 1443 192 1506 iter
207 1450 241 1505 et
256 1443 293 1504 in
316 1442 447 1505 semitis
465 1442 537 1503 suis
558 1460 698 1522 gressus
720 1460 837 1504 eorum
861 1442 1075 1523 dirigentur!

129 1541 209 1604 Hiis
229 1543 348 1624 itaque
364 1542 428 1603 sub
452 1541 543 1604 trina
564 1541 768 1622 repetitione
791 1539 930 1617 auditis,
955 1543 1077 1605 beatus

127 1640 279 1704 Thomas
309 1641 451 1704 evanuit
473 1648 508 1703 et
530 1640 688 1722 protinus
712 1647 898 1721 tempestas
914 1642 1075 1704 cessavit.

129 1741 284 1804 Fuerunt
310 1747 425 1804 autem
444 1738 479 1802 in
507 1739 572 1801 hac
593 1739 674 1803 navi
698 1741 758 1821 qui
785 1739 964 1804 dicebatur
986 1739 1076 1804 Wil-

128 1841 250 1903 leimus
274 1859 352 1903 cum
383 1840 511 1915 Barba,
528 1838 725 1902 Wiilelmus
750 1839 841 1902 filius
872 1839 1010 1903 Osberti
1042 1849 1078 1904 et

129 1938 320 2003 Gauiridus
343 1938 527 2015 aurifaber,
548 1946 583 2001 et
608 1958 686 2001 cum
712 1939 762 2003 eis
787 1940 881 2003 cives
900 1938 1076 2003 Londoni·

127 2058 228 2102 enses
260 2039 372 2114 multi,
398 2038 458 2119 qui
481 2037 556 2120 jam
584 2039 822 2119 praeterierant
844 2039 1076 2103 Ulixehonam

127 2146 164 2202 et
180 2145 287 2221 caput
312 2137 424 2201 sancti
449 2136 638 2212 Vincentii,
661 2145 696 2201 et
722 2147 950 2219 pervenerant
971 2158 1078 2221 prope
1109 2175 1111 2178 >

128 2239 306 2302 civitatem
324 2236 465 2319 Sylviae,
480 2255 559 2319 quae
578 2243 661 2300 tunc
681 2238 845 2318 temporis
865 2237 988 2301 ultima
1004 2247 1079 2302 erat

129 2336 405 2402 Christianitatis
435 2336 471 2398 in
503 2335 689 2417 Hispania,
721 2345 756 2400 et
784 2345 860 2400 erat
887 2337 934 2400 ibi
966 2338 1078 2401 adhuc

127 2435 330 2500 >Christiana
358 2435 442 2498 fides
474 2435 624 2512 novella,
656 2442 778 2517 utpote
808 2456 887 2519 quae
918 2439 955 2500 in
987 2457 1078 2502 anno

126 2537 289 2619 proximo
322 2534 499 2618 praeterito
530 2534 624 2598 iacta
655 2543 708 2598 est
738 2535 945 2600 christicola
976 2538 1079 2601 etde

131 2636 289 2699 manibus
308 2654 523 2717 paganorum
547 2641 688 2717 erepta3
713 2655 858 2717 cumque
873 2654 981 2717 prope
995 2637 1080 2699 civi·

134 2742 249 2799 tatem·
268 2734 503 2816 navigassent,
526 2741 764 2815 cognoverunt
787 2753 848 2814 per
871 2734 997 2797 indicia
1019 2754 1081 2798 no·

132 2836 267 2899 tissima
300 2833 392 2916 quod
422 2833 612 2896 Christiani
648 2832 697 2895 ibi
731 2832 947 2911 habitarent3
983 2834 1081 2897 navis

133 2934 384 2998 Londoniensis
421 2933 482 2996 illo
517 2952 555 2995 se
592 2932 750 3008 contulit,
774 2939 809 2996 et
845 2952 922 2995 cum
952 2951 1079 3014 magno

132 3034 261 3099 honore
279 3033 500 3114 abepiscopo
517 3039 552 3095 et
570 3032 648 3095 aliis
663 3031 821 3095 omnihus
840 3033 969 3115 recepti
988 3040 1080 3098 sunt.

133 3134 242 3197 Erant
282 3139 399 3195 autem
442 3132 477 3194 in
526 3131 606 3195 navi
646 3131 707 3195 illa
745 3132 929 3214 plusquam
960 3141 1082 3215 quater

131 3232 258 3314 viginti
288 3233 436 3316 juvenes
466 3232 553 3294 bene
586 3231 723 3308 armati,
750 3252 837 3314 quos
872 3232 1014 3297 retinuit
1046 3234 1082 3296 in

132 3333 274 3396 servitio
304 3350 368 3395 suo
404 3325 492 3413 ¹prae
526 3330 648 3394 timore
681 3332 899 3413 imperatoris
931 3332 974 3396 de
1005 3333 1082 3396 Ma·

134 3431 215 3496 roch
241 3417 392 3514 populus
417 3431 570 3494 civitatis
594 3437 629 3493 et
649 3450 711 3493 rex
729 3430 1005 3513 Portugalensis,
1030 3433 1082 3495 fa-

133 3530 264 3594 cientes
287 3531 337 3593 eis
359 3529 589 3592 omnimodam
613 3531 832 3594 securitatem
847 3530 890 3593 de
912 3530 1084 3612 stipendio

134 3650 197 3712 pro
221 3637 304 3694 voto
328 3629 548 3712 competenti,
572 3636 607 3691 et
624 3630 765 3711 insuper
789 3629 880 3712 quod
906 3649 951 3692 ex
974 3631 1084 3692 abun-

134 3730 232 3794 danti
262 3746 425 3810 magnam
461 3729 511 3792 eis
543 3727 814 3792 munificentiam
851 3729 1083 3811 providerent.

136 3829 265 3892 Decem
304 3834 475 3911 praeterea
520 3846 627 3891 naves
666 3828 758 3909 regis
795 3826 945 3908 Angtiae,
983 3829 1085 3891 nimis

135 3948 213 3992 eum
235 3928 309 3991 suis
339 3927 530 3991 rectoribus
562 3926 629 3990 huc
656 3934 761 4009 atque
787 3927 868 3990 illuc
895 3927 1085 4009 dissipatae,

134 4029 288 4103 tandem,
317 4027 468 4090 Domino
498 4025 657 4103 ducente,
688 4026 731 4088 ad
759 4025 935 4089 civitatem
964 4025 1086 4090 Ulixe-

170 4213 244 4264 Ῥω
255 4214 341 4264 timore
353 4213 506 4278 imperatorie
517 4214 546 4262 de
558 4212 697 4276 Marah]
713 4212 837 4273 Compare
851 4211 982 4263 Benedict.
993 4228 1020 4275 p.
1030 4218 1087 4281 596,

133 4300 183 4348 req.
