2970 5016
339 435 406 500 274
597 450 731 498 uoonnr
756 450 803 497 nn
827 448 1035 497 wnnoovnu

180 620 236 662 Δ-ὓ-
249 621 305 660 ¹²¹³=
344 608 496 675 terfectis
526 607 700 685 occubuit,
722 607 907 690 plurimum
934 606 1119 671 dolendum
1148 614 1215 684 est,
1237 607 1293 689 qui

345 709 502 774 hostibus
530 707 610 772 fidei
643 706 850 790 conjunctus
879 707 1061 772 ecclesiam
1090 705 1294 771 catholicam

345 809 499 891 improbe
515 806 741 891 perturbavit.
764 806 889 871 Certus
905 807 1163 872 interfectorum
1178 825 1295 870 nume·

346 928 405 973 rus
426 907 624 972 nullatenus
642 905 746 970 scribi
766 907 902 990 potuit;
929 906 972 970 de
994 906 1161 971 militibus
1181 913 1296 970 autem

348 1007 615 1089 crucesignatis
638 1024 728 1070 unus
749 1006 846 1071 solus
863 1025 940 1069 cum
961 1006 1193 1070 servientibus
1213 1025 1297 1088 pau-

349 1108 398 1172 cis
421 1105 593 1172 occubuit.
655 1104 765 1170 Facta
788 1112 981 1170 astantem
1009 1106 1085 1169 haec
1109 1105 1192 1169 belli
1218 1124 1297 1169 con·

349 1205 482 1290 gressio
496 1205 582 1270 feria
601 1212 705 1269 sexta
724 1212 805 1287 post
817 1211 961 1270 octavas
976 1204 1171 1270 nativitatis
1188 1205 1298 1268 beatae

351 1305 487 1382 Mariae,
510 1323 602 1370 anno
620 1304 761 1368 Domini
783 1303 965 1368 millesimo
987 1303 1223 1370 ducentesimo
1243 1304 1301 1367 de·

350 1406 440 1470 cirno
455 1406 569 1479 tertio,
585 1423 704 1468 mense
721 1403 926 1486 Septembri.

426 1580 475 1644 Do
489 1577 624 1645 adventa
640 1576 782 1652 Nieohri,
801 1576 1037 1643 Tascalaoauis
1050 1577 1185 1664 episcopi
1201 1587 1229 1642 et

526 1677 698 1764 apostolica
710 1676 790 1742 aas
803 1676 908 1762 hyali,
923 1677 959 1741 ia
976 1677 1138 1763 Aryium.

192 1816 343 1908 mesos-‚oe
404 1797 551 1868 Eodem¹
578 1822 683 1880 anno,
709 1801 802 1866 circa
823 1801 950 1867 festum
972 1802 1085 1866 sancti
1107 1799 1303 1879 Michaelis,

189 1869 451 2021 ffiff'venit
472 1904 507 1968 in
522 1902 687 1984 Angliam
710 1900 892 1979 Nicolaus,
914 1900 1209 1966 Thuscnlauensis
1234 1901 1305 1983 epi·

353 2022 480 2086 scopus
509 2009 545 2066 et
575 2000 894 2085 apostolicaesedis
925 2001 1074 2083 legatus,
1104 2009 1145 2065 ut
1172 2002 1304 2066 dissen-

353 2102 469 2166 siones
491 2101 582 2164 inter
605 2120 750 2183 regnum
778 2108 814 2165 et
838 2100 1068 2165 sacerdotium
1098 2103 1307 2165 anctoritate

355 2199 548 2283 apostolica
574 2200 789 2278 reformaret,
819 2207 867 2277 et,
892 2200 974 2264 licet
1000 2207 1094 2264 terra
1120 2200 1306 2264 interdicta

354 2299 489 2376 fuisset,
513 2297 641 2381 ubique
668 2306 783 2363 tamen
811 2318 890 2363 cum
919 2299 1139 2382 processione
1161 2300 1306 2363 solemni

357 2406 393 2463 et
418 2404 582 2463 cantuum
607 2398 842 2463 modulatione
868 2406 905 2463 et
931 2398 1143 2463 indumentis
1173 2399 1306 2463 festivis

356 2495 542 2563 honorifice
566 2505 725 2579 receptus
745 2505 821 2577 est;
847 2516 994 2581 cumque
1009 2497 1053 2562 ad
1069 2497 1309 2564 westmonas-

356 2598 481 2662 terium
495 2596 719 2680 pervenisset,
727 2597 940 2662 Willelmum
951 2598 1124 2676 abbatem,
1132 2597 1176 2662 de
1187 2598 1310 2682 dilapi-

357 2697 498 2762 datione
512 2705 547 2761 et
562 2697 812 2761 incontinentia
832 2716 854 2761 a
875 2697 1053 2761 monachis
1073 2698 1146 2761 suis
1168 2717 1307 2762 accusa·

358 2804 446 2873 tum,
461 2796 555 2860 illico
570 2796 787 2879 degradavit.
839 2795 1020 2862 Venerunt
1034 2805 1150 2861 antem
1168 2796 1213 2862 ad
1231 2818 1307 2861 eum

358 2896 486 2959 ibidem
507 2897 657 2960 Oxoniee
678 2897 880 2978 burgenses,
906 2916 1052 2980 quorum
1076 2897 1246 2961 instinctu
1273 2905 1308 2961 et

360 2994 629 3078 praesumptione
662 2994 731 3059 dno
764 2995 891 3072 clerici,
922 2996 1117 3079 dequibus
1151 2998 1308 3080 superins

360 3093 504 3157 fecimus
525 3095 746 3173 mentionem,
767 3096 924 3178 suspensi
949 3095 1097 3172 fuerant,
1120 3097 1309 3161 absolutio·

327 3198 338 3221 ⁹
361 3212 439 3255 nem
460 3193 676 3275 postulantes
693 3215 701 3274 ;
732 3195 857 3277 quibus
874 3194 1005 3261 indicta
1018 3196 1239 3279 poenitentia,
1257 3198 1308 3260 in·

362 3298 416 3356 ter
434 3299 561 3356 caetera
582 3295 759 3377 pracepit,
782 3302 822 3358 nt
841 3294 884 3357 ad
907 3295 1062 3378 singulas
1084 3296 1238 3360 civitatis
1257 3316 1311 3360 ec-

362 3390 498 3468 clesias,
528 3392 694 3475 depositis
724 3393 934 3458 indumentis
961 3395 1175 3478 pedibusque
1199 3396 1311 3472 nudis,

363 3491 503 3572 flagella
527 3499 705 3573 portantes
730 3493 766 3556 in
787 3494 957 3572 manibus,
980 3501 1100 3558 euntes
1124 3515 1147 3558 a
1172 3496 1311 3581 presby·

363 3590 447 3654 teris
485 3590 705 3675 parochianis
740 3592 968 3657 absolutionis
997 3594 1202 3658 beneficium
1235 3615 1310 3659 cnm

363 3691 498 3772 psalmo
527 3690 814 3773 quinquagesimo
841 3693 1087 3776 impetrareut;
1123 3714 1188 3758 nec
1216 3695 1311 3759 licuit

364 3790 427 3866 eis,
445 3790 512 3853 nisi
525 3788 646 3853 diebus
659 3791 820 3872 singulis,
837 3792 994 3874 singulas
1008 3800 1125 3876 petere
1136 3793 1310 3870 ecclesias,

364 3897 404 3954 ut
420 3897 492 3952 tum
511 3889 578 3970 ipsi
602 3908 707 3972 quam
732 3891 791 3954 alii
815 3892 902 3955 talia
926 3912 1134 3975 praesumere
1152 3893 1311 3958 sormida-

363 3998 452 4053 rent.
506 3986 660 4070 Legatos
677 3990 809 4072 itaque,
825 4011 902 4056 cum
917 3999 1049 4075 septem
1065 3997 1203 4058 tantum
1221 3994 1312 4077 eqni·

512 4205 519 4238 ¹
529 4209 620 4258 Eodem
637 4209 720 4272 cana]
744 4209 869 4273 Compare
879 4208 973 4261 Annei.
984 4209 1096 4259 Waverl.
1107 4224 1134 4272 p.
1146 4213 1203 4262 178.
