2910 5010
204 440 210 476 l

216 650 272 691 Ab.
282 647 339 689 12⁰7.

375 458 441 523 alo
626 470 760 519 aoonar
785 471 832 517 nu
857 467 1064 517 wunnovnn

378 645 469 691 mam
501 633 634 709 partem
669 645 713 689 ex
753 624 910 688 omnibus
946 623 1129 687 mobilibus
1161 631 1198 688 et
1230 626 1333 689 rebus

379 726 469 802 aliis,
495 732 567 788 tam
594 724 637 787 de
662 723 760 786 laicis
786 740 891 805 qnam
915 722 999 785 viris
1022 722 1267 787 ecclesiasticis
1297 732 1332 787 et

379 824 546 908 praelatis,
562 823 696 887 cunctis
711 821 1005 885 murmurantibus
1021 821 1082 885 sed
1095 822 1333 886 contradicere

380 943 450 987 non
480 921 712 999 audentibus3
745 921 841 985 solus
867 919 1070 996 Gansridua,
1100 920 1332 1003 archiepisco-

381 1041 447 1106 pus
464 1021 703 1094 Eboracensis,
723 1039 790 1082 non
808 1019 1039 1095 consentiens,
1056 1018 1117 1082 sed
1131 1019 1235 1101 plane
1251 1041 1331 1084 con·

381 1120 566 1195 tradicens,
581 1118 738 1182 clanculo
752 1117 894 1181 recessit
909 1118 953 1180 ab
963 1115 1106 1198 Anglia,
1122 1119 1208 1182 etin
1222 1139 1331 1183 reces-

381 1237 422 1283 su
447 1238 511 1282 suo
533 1236 651 1282 omnes
672 1216 880 1298 specialiter,
897 1216 957 1299 qui
974 1217 1009 1278 in
1032 1215 1331 1299 archiepiscopatu

381 1316 592 1380 Eboracensi
613 1315 703 1379 hanc
725 1315 881 1397 rapinam
905 1314 1071 1390 facerent,
1093 1321 1129 1377 et
1146 1316 1182 1378 in
1206 1335 1332 1397 genere

381 1416 561 1480 universos
590 1414 745 1479 ecclesiae
776 1414 850 1477 sive
877 1432 989 1476 rerum
1019 1413 1333 1478 ecclesiasticarum

381 1516 572 1590 invasores,
590 1513 819 1578 anathematis
835 1512 1008 1576 sententia
1022 1511 1214 1576 innodavit.
1261 1514 1331 1577 Ea·

381 1613 458 1676 dem
476 1618 682 1694 tempestate
699 1612 791 1675 circa
814 1617 949 1674 noctem
967 1610 1114 1673 mediam
1130 1618 1257 1675 ventus
1273 1632 1332 1676 ve·

381 1712 522 1775 bomens
550 1718 586 1774 et
607 1711 806 1792 repentinus
835 1709 1081 1791 superveniens
1111 1709 1260 1774 aedificia
1281 1711 1332 1775 di-

381 1811 464 1887 ruit,
486 1811 626 1874 arbores
651 1808 851 1890 prostravit,
875 1826 958 1871 oves
981 1815 1016 1871 et
1040 1815 1197 1872 armenta
1220 1796 1331 1892 exag-

381 1909 511 1989 geratis
536 1908 674 1971 nivibus
701 1913 802 1970 sexto
825 1904 992 1969 kalendas
1016 1905 1197 1969 Februarii
1222 1908 1330 1972 inter-

381 2005 431 2070 ire
449 2007 575 2087 coegit.
633 1999 780 2069 ¹Eodem
801 2024 893 2067 anno
914 2004 1104 2086 imperator
1123 2004 1217 2070 Otho
1237 2008 1331 2070 venit

380 2104 417 2166 in
437 2102 615 2184 Angliam,
632 2111 680 2180 et,
695 2104 814 2168 habito
833 2102 1005 2184 colloquio
1021 2123 1099 2167 cum
1118 2123 1200 2185 rege
1219 2124 1330 2169 avun-

381 2200 460 2265 culo
478 2220 553 2277 suo,
573 2201 676 2264 rediit
695 2202 876 2265 interram
899 2219 1011 2278 suam,
1032 2201 1185 2283 acceptis
1204 2223 1226 2266 a
1250 2224 1330 2286 rege

381 2300 547 2382 praedicto
564 2300 717 2382 quinque
731 2300 883 2363 millibus
899 2300 1024 2363 marcis
1038 2301 1185 2381 argenti.

218 2403 358 2444 Odeum·
425 2398 497 2462 Sub
513 2398 703 2462 hisdiebus
720 2397 978 2479 praedicatores,
992 2399 1052 2479 qui
1067 2399 1234 2480 appellati
1251 2410 1333 2467 sunt

219 2454 338 2495 lituorlter.

382 2496 549 2573 Minores,
567 2496 705 2561 favente
729 2515 821 2579 papa
845 2496 1062 2573 Innocentio,
1084 2498 1200 2562 subito
1219 2518 1330 2564 emer·

381 2603 503 2677 gentes
527 2604 653 2660 terram
683 2595 914 2677 repleverunt,
943 2595 1138 2660 habitantes
1169 2597 1206 2661 in
1238 2601 1331 2663 urbi·

381 2696 445 2759 bus
468 2703 504 2759 et
525 2696 726 2761 civitatibus
750 2694 829 2757 deni
851 2701 886 2757 et
908 2693 1054 2775 septeni,
1077 2694 1163 2758 nihil
1190 2699 1330 2761 omnino

380 2794 609 2876 possidentes,
634 2794 677 2857 de
705 2792 886 2874 evangelio
912 2793 1080 2867 viventes,
1107 2793 1141 2855 in
1172 2794 1266 2858 victu
1296 2804 1332 2860 et

381 2894 510 2956 vestitu
537 2899 778 2974 paupertatem
804 2892 943 2955 nimiam
971 2890 1206 2973 praeferentes,
1229 2895 1331 2958 nudis

380 2990 525 3071 pedibus
543 2988 752 3065 incedentes,
775 2990 964 3053 maximum
987 2990 1192 3055 humilitatis
1213 3012 1332 3058 exem·

380 3086 476 3169 plum
492 3087 649 3149 omnibus
664 3088 898 3169 praebuerunt.
935 3088 1067 3152 Diebus
1081 3096 1198 3153 autem
1212 3090 1333 3156 Domi·

381 3184 468 3246 nicis
484 3190 520 3247 et
535 3183 668 3248 festivis
684 3186 726 3249 de
746 3186 818 3249 suis
836 3187 1041 3250 habitaculis
1058 3196 1224 3251 exeuntes
1241 3210 1331 3270 prae·

381 3281 583 3346 dicaverunt
605 3284 641 3346 in
663 3284 817 3349 ecclesiis
838 3284 1092 3367 parochialibus
1112 3288 1332 3368 evangelium

381 3382 489 3457 verbi,
512 3382 652 3445 edentes
674 3389 709 3446 et
728 3383 885 3446 bibentes
904 3402 983 3464 quoe
1005 3384 1097 3465 apud
1117 3384 1195 3447 illos
1219 3397 1332 3464 erant,

381 3480 507 3562 quibus
538 3479 685 3544 officium
715 3481 970 3563 praedicationis
994 3482 1239 3563 impendebat;
1273 3488 1333 3568 qui

380 3577 416 3640 in
448 3599 560 3642 rerum
592 3579 781 3643 caelestium
808 3580 1099 3662 contemplatione
1124 3589 1224 3646 tanto
1253 3604 1333 3666 per-

381 3677 588 3758 spicaciores
620 3685 703 3742 sunt
733 3679 877 3754 inventi,
902 3686 1033 3761 quanto
1061 3697 1082 3741 a
1113 3681 1215 3743 rebus
1245 3702 1333 3763 pree-

381 3777 489 3840 sentis
516 3777 624 3840 seculi
646 3784 681 3839 et
701 3776 898 3840 carnalibus
915 3776 1047 3840 deliciis
1064 3780 1334 3859 comprobantur

380 3953 424 4014 ing
439 3953 495 4002 that
510 3954 552 4002 the
576 3952 694 4002 church's
722 3959 842 4014 property
852 3944 855 3993 l
867 3953 1052 4014 leyAnnnlshe
1061 3955 1083 4001 is
1092 3954 1146 4002 said
1157 3955 1333 4006 tobavecome

379 4036 434 4070 was
449 4023 544 4084 wholly
556 4023 667 4084 unequal
684 4027 709 4070 to
724 4023 766 4071 the
782 4023 841 4070 bur·
852 3998 855 4051 Ι
867 4023 1107 4082 overin1208,and
1120 4024 1145 4071 in
1157 4024 1199 4073 the
1207 4026 1331 4088 abridged

379 4090 447 4140 then.
867 4090 973 4152 history,
984 4093 1094 4141 inserted
1105 4093 1132 4140 in
1143 4092 1185 4143 the
1198 4093 1256 4145 MS.
1267 4095 1331 4145 irum

415 4156 423 4187 ¹
434 4160 523 4208 Eodem
532 4155 619 4227 cam]
641 4161 672 4208 ln
684 4160 726 4208 the
738 4161 841 4207 Wuver·
868 4158 1039 4222 Coggeshule,
1049 4161 1075 4209 in
1088 4165 1160 4210 12⁰9.
