2970 5016
184 628 239 668 ab.
250 629 307 667 naa

183 1364 268 1404 fleotln

347 445 389 507 14
600 460 732 507 noorai
758 460 804 507 ns
828 457 1035 507 wranovnn

347 615 438 678 ham.
507 612 690 677 Provisum
717 622 771 678 est
796 615 900 679 etiam
928 616 1021 698 quod
1050 617 1185 699 capella
1212 637 1301 700 proe·

347 713 422 777 iata
449 733 518 776 non
543 713 684 776 habebit
708 713 947 795 baptisterium
972 715 1029 779 vel
1052 718 1302 793 coemeterium,

349 831 460 894 neque
474 811 811 876 administrationem
825 814 892 877 nisi
908 813 950 877 de
968 833 1037 879 uno
1053 823 1187 879 tantum
1206 835 1302 899 pres·

348 913 468 993 hytero
490 909 649 974 seculari.

392 1082 575 1162 Willclmuc,
590 1105 644 1147 rce·
662 1085 836 1162 Scotorum,
851 1084 940 1168 apud
955 1086 1164 1150 Gumoarium
1169 1043 1252 1171 feeit

600 1183 776 1268 horttoyiom
791 1184 856 1268 rcyi
872 1184 1045 1248 aichardo.

184 1312 324 1402 Thekbffot
408 1304 538 1369 Eodem
573 1315 727 1387 tempore
759 1300 983 1383 ¹Willelmus,
1014 1326 1076 1370 rex
1106 1308 1301 1385 Scotorum,

183 1414 334 1462 misimur
348 1405 438 1485 apud
457 1404 681 1470 Cantuariam
700 1405 782 1469 iecit
799 1406 999 1487 homagium
1015 1408 1089 1488 regi
1105 1406 1300 1487 Anglorum

182 1469 206 1502 to
214 1462 316 1503 namra.

184 3097 219 3138 Re
227 3108 300 3147 pum

185 3148 231 3187 luto
240 3148 293 3188 Nor-

185 3198 273 3246 mnndy.

347 1502 389 1565 de
406 1503 487 1585 jure
511 1525 574 1568 sue
597 1506 632 1568 in
657 1503 799 1585 Anglia,
825 1513 861 1570 et
883 1525 947 1569 rex
969 1506 1165 1570 Richardns
1184 1506 1298 1570 reddi·

347 1600 399 1664 dit
423 1604 454 1665 ei
480 1604 661 1666 castellum
688 1603 731 1666 de
759 1603 965 1668 Rokesburc
992 1612 1028 1669 et
1051 1605 1231 1669 castellum
1256 1605 1299 1668 de

349 1701 527 1780 Berewic;
567 1710 602 1765 et
637 1721 701 1783 pro
733 1702 797 1766 hac
830 1704 1065 1785 redemptione
1094 1713 1299 1782 castrorum,

348 1806 383 1861 et
413 1801 532 1881 quieta
562 1801 768 1864 clamatione
796 1802 974 1867 fidelitatis
1006 1810 1041 1866 et
1070 1803 1230 1884 liganciae
1257 1803 1300 1867 de

347 1917 455 1978 regno
480 1899 618 1977 Scotiae,
641 1909 677 1963 et
698 1901 828 1966 ehartae
849 1922 922 1965 suae
942 1903 1213 1978 confirmatione,
1239 1902 1299 1966 de-

347 1996 399 2061 dit
417 2000 490 2079 regi
509 1999 701 2080 AngIorum
718 2000 834 2064 decem
852 2000 962 2065 millia
976 2021 1111 2065 marcas
1129 2003 1276 2083 argenti.

547 2173 597 2237 Dc
613 2174 822 2256 hruodtrud-io
837 2174 917 2258 rcyis
932 2172 1101 2237 Boterdi.

400 2289 548 2359 Eodem²
567 2304 720 2378 tempore
738 2316 801 2359 rex
819 2296 1017 2359 Richardus
1034 2296 1129 2360 dedit
1145 2296 1168 2360 J
1172 2296 1299 2361 ohanni

348 2394 447 2458 fratri
483 2414 546 2458 suo
579 2397 782 2460 comitatum
814 2396 1000 2460 Cornubiae
1028 2403 1064 2458 et
1096 2397 1298 2460 comitatum

349 2495 517 2558 Devoniae
534 2502 569 2558 et
585 2496 787 2559 comitatum
804 2495 846 2558 de
865 2495 1061 2559 Sumersete
1077 2504 1113 2558 et
1129 2489 1189 2559 ³dc
1210 2496 1298 2559 Dor-

347 2601 482 2672 cestre3
514 2593 609 2658 dedit
637 2596 742 2659 etiam
765 2594 909 2659 Alienor
938 2594 1041 2658 matri
1067 2613 1141 2658 suae
1168 2594 1298 2659 dotari-

347 2712 406 2756 um
428 2703 643 2770 consuetum,
663 2702 710 2771 et,
725 2695 761 2756 in
782 2702 1018 2774 augmentum,
1038 2702 1148 2759 terras
1172 2696 1299 2759 multas

347 2800 383 2856 et
398 2792 558 2857 honores.

405 2965 447 3029 Ut
461 2986 516 3030 rac
529 2965 710 3029 bichardum
726 2966 761 3029 io
774 2967 1007 3031 Nomccooiam
1020 2966 1248 3050 transfretavit.

400 3087 529 3152 Eodem
560 3096 725 3170 tempore,
754 3091 877 3173 quinto
904 3090 960 3154 die
992 3090 1207 3167 Decembris,
1235 3111 1297 3154 rex

349 3185 546 3250 Richardns
566 3208 588 3252 a
607 3189 750 3253 civitate
771 3189 1014 3254 cantuariensi
1035 3188 1198 3251 recedens
1218 3210 1298 3272 pro·

348 3285 458 3350 fectus
476 3295 530 3351 est
546 3288 721 3353 Doveram
741 3289 785 3351 ad
804 3286 1108 3362 transfretandum,
1123 3294 1159 3349 et
1174 3281 1228 3351 ⁴in
1247 3289 1300 3352 vi·

347 3386 433 3468 gilia
446 3396 576 3451 sanctae
594 3387 710 3451 Lueiae
725 3388 870 3469 virginis
886 3386 1124 3451 transfretavit
1138 3386 1175 3449 in
1195 3386 1301 3450 Flan-

385 3564 392 3595 ¹
409 3568 556 3629 willelmus,
576 3584 621 3617 rex
643 3568 779 3618 Scotorum.
796 3566 808 3628 ]
835 3567 885 3615 this
896 3567 966 3626 point
974 3563 1002 3613 of
1010 3564 1053 3612 the
1061 3562 1152 3613 Cotton
1161 3565 1217 3613 MS.
1229 3565 1299 3614 there

346 3636 401 3685 'l'he
412 3637 510 3686 charter
525 3642 550 3686 to
562 3637 603 3686 the
620 3638 682 3698 king
697 3637 726 3685 oi
740 3638 809 3684 Seot·
836 3651 889 3683 was
900 3635 975 3683 much
987 3633 1118 3684 confusion
1136 3634 1162 3681 in
1173 3634 1215 3682 the
1228 3640 1299 3694 text3

348 3706 407 3755 land
418 3707 441 3755 is
453 3707 479 3754 in
491 3708 593 3768 Rymer,
605 3722 631 3768 p.
643 3711 684 3756 ot.
702 3706 749 3754 See
762 3706 809 3754 Dr.
836 3705 917 3766 Watc,
927 3705 989 3752 Var.
1007 3704 1088 3752 Leett.

348 3772 481 3839 Lingard’s
497 3782 554 3825 note
570 3791 639 3838 upon
650 3777 692 3825 the
709 3790 809 3838 respee·
871 3773 917 3821 ‘Ia
929 3772 1112 3834 uigiliumuctoe
1123 3771 1227 3836 harim]
1242 3773 1299 3821 rath

347 3847 399 3894 tire
409 3847 489 3909 rights
500 3846 529 3894 oi
537 3845 578 3894 the
590 3852 641 3895 two
653 3861 760 3908 erowns,
768 3846 809 3896 ed.
837 3844 985 3892 December.
1021 3842 1102 3890 There
1119 3842 1221 3891 crossed
1237 3843 1299 3890 with

347 3919 422 3975 last,
432 3917 459 3965 ii.
472 3918 528 3964 all.
836 3914 887 3962 him
904 3913 946 3961 the
962 3911 1075 3961 cardinal
1092 3911 1160 3960 John
1172 3911 1200 3961 oi
1214 3912 1302 3973 Anag-

381 3982 494 4034 ¹Eodem
512 3979 650 4052 tempora]
678 3985 810 4034 Benediet.
837 3985 888 4045 nia,
899 3983 998 4031 Walter
1018 3980 1170 4042 archbishop
1189 3980 1218 4029 oi
1232 3982 1302 4030 Rou-

345 4060 441 4116 ΜΠ.
836 4069 877 4114 en,
905 4053 994 4112 Henry
1020 4050 1110 4111 bishop
1130 4050 1159 4099 oi
1184 4052 1301 4112 Bayeux,

379 4121 601 4186 ⁸DeDoreestre.]
623 4119 809 4174 ‘DoDeserto'
837 4123 886 4172 and
909 4122 978 4172 John
1009 4121 1098 4181 hishop
1121 4120 1150 4169 oi
1176 4122 1301 4179 Evreux;

345 4192 371 4238 in
383 4191 578 4254 MS.,probuhly
592 4193 630 4241 ior
641 4194 757 4242 Derceto.
775 4193 810 4241 At
838 4192 969 4240 Benediet.
981 4205 1008 4251 p.
1021 4194 1078 4239 579.
