2970 5016
183 609 239 650 Μ).
251 610 307 649 121³.

183 661 271 700 cbrrrer
279 659 303 699 oi

184 710 258 758 llenry
268 710 286 749 Ι.

342 423 408 487 264
600 436 733 484 sooner
758 436 805 482 nn
828 435 1035 483 vvsrvnovsn

344 593 422 656 dem
446 593 544 674 regni
565 612 682 674 regem
704 612 781 656 esse
806 599 1032 670 coronatum
1059 599 1094 655 et
1114 590 1198 673 quia
1220 612 1298 674 reg-

345 712 427 756 num
451 712 654 775 oppressum
684 698 759 755 erat
786 690 925 775 injustis
952 691 1206 768 exactionibus,
1231 711 1297 773 ege

344 800 505 874 respectu
533 791 614 868 Dei,
644 798 680 855 et
707 809 824 853 amere
849 809 951 871 quem
979 808 1064 871 erga
1088 810 1152 854 vos
1178 809 1298 854 omnes

344 890 468 967 babeo,
491 897 649 954 sanctam
676 890 743 954 Dei
767 888 948 952 ecclesiam
970 888 1129 971 inprimis
1153 889 1297 953 liberam

344 988 448 1066 facio,
469 989 521 1053 ita
545 988 638 1071 quod
658 1008 722 1053 nec
745 1006 821 1052 eam
842 987 988 1053 vendam
1012 1007 1077 1052 nec
1095 988 1140 1051 ad
1162 988 1297 1052 firmam

345 1107 485 1171 ponam,
510 1107 585 1165 nec,
609 1094 747 1152 mortuo
771 1086 1030 1170 archiepiscopo
1052 1087 1107 1151 vel
1132 1088 1296 1170 episcopo

346 1189 421 1252 sive
445 1189 583 1265 abbate,
605 1186 736 1269 aliquid
759 1186 925 1269 accipiam
950 1186 993 1250 de
1012 1185 1163 1250 dominio
1186 1187 1296 1251 eccle-

346 1287 421 1364 siae,
444 1287 499 1351 vel
524 1286 567 1350 de
591 1284 799 1363 hominibus,
825 1285 934 1349 donec
960 1304 1138 1349 successor
1162 1285 1199 1349 in
1221 1305 1297 1350 eam

346 1385 568 1467 ingrediatur.
639 1385 685 1449 Et
719 1404 838 1449 omnes
874 1383 985 1447 malas
1019 1385 1296 1463 consuetudines,

347 1486 473 1566 quibus
511 1504 655 1568 regnum
689 1483 829 1565 Angliae
863 1482 993 1566 injuste
1027 1484 1297 1566 opprimebatur,

348 1584 427 1647 inde
448 1585 580 1662 aufero,
603 1603 691 1666 quas
718 1582 829 1646 malas
851 1583 1117 1647 consuetudines
1139 1584 1176 1646 in
1199 1592 1297 1667 parte

347 1681 403 1745 hic
425 1702 529 1765 pono.
582 1682 620 1746 Si
645 1683 724 1765 quis
748 1683 917 1746 baronum
942 1702 1108 1759 meorum,
1134 1685 1296 1748 comitum

347 1781 404 1845 vel
429 1781 586 1858 aliorum,
613 1783 674 1863 qui
698 1781 740 1845 de
766 1800 822 1844 mc
844 1787 974 1858 tenent,
999 1789 1155 1845 mortuus
1183 1782 1297 1860 fuerit,

348 1879 459 1944 haeres
496 1901 580 1945 suus
617 1900 686 1944 non
725 1880 871 1945 redimet
903 1889 1029 1944 terram
1063 1900 1175 1959 suam,
1208 1884 1297 1946 sicut

348 1979 462 2043 lacere
511 1987 739 2045 consueverat
775 1987 929 2062 tempore
973 1980 1083 2061 patris
1125 1981 1205 2058 mei,
1238 1983 1296 2046 sed

349 2077 504 2159 legitima
524 2087 560 2143 et
578 2079 678 2162 justa
701 2078 913 2143 relevatione
936 2079 1106 2142 relevabit
1127 2098 1227 2160 eam3
1250 2081 1296 2144 si·

349 2176 476 2240 militer
506 2184 541 2240 et
569 2177 725 2240 hemines
758 2179 926 2242 baronum
956 2196 1110 2241 meorum
1142 2179 1296 2260 legitima

349 2281 386 2338 et
409 2275 508 2358 justa
538 2275 750 2340 relevatione
778 2277 981 2341 relevabunt
1006 2282 1116 2340 terras
1144 2297 1227 2342 sues
1256 2279 1297 2342 de

350 2373 499 2438 dominis
521 2375 605 2438 suis.
669 2374 727 2452 Et,
745 2376 776 2438 si
795 2376 874 2458 quis
896 2377 1062 2440 baronum
1079 2376 1133 2441 vel
1151 2377 1295 2442 aliorum

350 2472 526 2537 hominum
551 2493 705 2538 meorum
728 2474 834 2538 filiam
859 2493 958 2538 snam
980 2474 1115 2539 tradere
1138 2477 1297 2554 voluerit,

350 2573 424 2637 sive
448 2592 613 2650 sororem,
635 2573 710 2637 sive
735 2580 886 2656 neptem,
908 2573 982 2638 sive
1006 2582 1204 2655 cognatam,
1227 2597 1295 2640 me-

350 2691 427 2735 cum
445 2673 525 2736 inde
542 2672 715 2754 loquatur,
731 2673 791 2735 sed
813 2692 924 2754 neque
943 2691 1009 2754 ego
1026 2673 1157 2756 aliquid
1175 2674 1218 2738 de
1233 2696 1296 2739 suo

351 2789 413 2852 pro
441 2770 505 2836 bac
534 2771 674 2835 licentia
705 2771 882 2853 accipiam,
914 2790 1025 2853 neque
1054 2772 1235 2837 defendam
1266 2776 1296 2838 ei

350 2871 434 2951 quin
462 2889 538 2933 eam
566 2870 636 2946 det,
666 2880 813 2952 excepto
840 2871 870 2933 si
896 2890 972 2934 eam
1004 2870 1087 2935 dare
1112 2872 1219 2937 vellet
1245 2873 1296 2937 in·

350 2969 451 3032 imico
469 2989 565 3048 ure03
586 2977 621 3032 et
637 2969 678 3045 si,
694 2979 830 3034 mortno
850 2970 977 3033 barone
996 2970 1050 3033 vel
1071 2970 1141 3035 alio
1162 2971 1297 3037 homine

351 3086 440 3143 mee,
473 3067 545 3130 filia
575 3067 684 3132 baeres
719 3070 935 3145 remanserit,
965 3068 1056 3133 dabo
1089 3069 1184 3134 illam
1220 3065 1311 3135 cum

351 3164 495 3229 consilio
525 3167 690 3231 baronum
721 3187 874 3231 meorum
904 3187 983 3230 cum
1014 3176 1105 3232 terra
1136 3188 1227 3248 sua3
1264 3182 1298 3235 et

352 3265 393 3340 si,
416 3273 551 3328 mortuo
573 3267 709 3343 marito,
734 3286 823 3330 uxor
845 3266 921 3350 ejus
946 3269 1150 3332 remanserit
1170 3276 1206 3333 et
1225 3272 1298 3335 sine

352 3362 468 3426 liberis
492 3364 608 3442 fuerit,
631 3366 745 3430 dotem
769 3385 868 3429 suam
890 3366 926 3428 in
951 3367 1170 3448 maritagium
1194 3368 1297 3433 habe·

352 3463 414 3539 bit,
446 3472 481 3527 et
515 3483 588 3527 eam
628 3484 696 3528 non
731 3465 821 3528 dabo
853 3464 978 3528 marito
1011 3466 1077 3528 nisi
1110 3469 1297 3531 secundum

353 3561 440 3625 velle
469 3581 595 3642 sunm;
626 3564 655 3625 si
682 3583 765 3627 vero
795 3583 885 3627 uxor
914 3583 992 3626 cum
1019 3565 1136 3628 liberis
1165 3586 1297 3631 reman-

351 3662 447 3737 serit,
470 3662 584 3725 dotem
611 3681 708 3724 suam
738 3663 773 3724 in
798 3662 1018 3744 marilegium
1043 3663 1195 3741 habebit,
1218 3668 1297 3730 dnm

352 3779 477 3842 corpus
517 3780 617 3823 snum
654 3760 806 3841 legitime
847 3763 1011 3838 servabit,
1049 3772 1083 3826 et
1114 3783 1190 3826 eam
1232 3787 1298 3830 non

351 3858 442 3923 dabo
477 3861 602 3923 marito
646 3861 711 3923 nisi
748 3862 934 3925 secundum
972 3862 1059 3925 velle
1095 3882 1224 3943 sunm;
1267 3873 1301 3929 et

352 3965 453 4021 terrae
495 3958 678 4023 liberorum
717 3969 835 4024 custos
874 3961 939 4023 erit
974 3962 1048 4024 sive
1085 3981 1188 4037 uxor,
1226 3965 1299 4029 sive

350 4057 439 4119 alius
471 4058 695 4140 propinquior
732 4060 791 4141 qni
823 4059 954 4143 justius
987 4080 1062 4123 esse
1097 4061 1225 4139 debet;
1266 4073 1299 4127 et

349 4156 524 4239 praecipio,
555 4166 593 4220 nt
621 4159 766 4224 barones
796 4160 862 4222 mei
889 4159 1047 4224 similiter
1078 4181 1115 4223 se
1146 4162 1299 4227 continc-
