2970 5016
348 450 414 517 232
610 465 743 514 reensi
769 465 816 511 nn
839 463 1047 510 wnunovnn

188 634 309 675 annno.
350 630 618 701 tormentornm3
647 623 737 685 inter
760 639 847 703 quos
870 638 958 683 unus
980 619 1072 703 apud
1097 616 1301 682 Bristollnm

351 723 455 785 variis
472 722 680 786 dilaceratus
698 719 889 797 tormentis,
904 738 983 782 cum
1003 738 1041 781 se
1056 718 1223 782 redimere
1237 734 1301 778 nec

349 821 451 884 finem
472 821 584 885 facere
602 819 781 896 voluisset,
798 818 906 902 jussit
923 837 986 881 rex
1004 818 1192 883 tortoribus
1215 815 1301 890 suis,

350 928 389 983 nt
414 920 535 984 diebus
564 919 711 1001 singulis
736 937 842 981 unum
872 936 918 980 ex
946 916 1135 980 molaribus
1157 922 1301 978 excute·

349 1027 427 1082 rent
450 1019 621 1094 dentibus,
651 1018 760 1081 donec
786 1016 860 1097 regi
884 1016 1002 1079 decem
1024 1015 1133 1079 millia
1164 1031 1299 1076 marcas

347 1119 483 1198 argenti
510 1117 760 1200 persolvisset3
793 1133 940 1197 cumque
967 1115 1104 1178 tandem
1133 1132 1197 1195 per
1224 1111 1299 1174 dies

347 1224 480 1298 septem
502 1224 556 1280 tot
580 1214 700 1279 dentes
724 1233 803 1278 cum
829 1213 1038 1290 intolerabili
1059 1213 1216 1276 cruciatu
1237 1230 1297 1274 ex·

348 1316 549 1392 cussissent,
571 1322 608 1378 et
628 1314 683 1378 die
705 1320 832 1378 octavo
853 1313 964 1376 simile
986 1332 1074 1394 opus
1096 1330 1201 1395 agere
1224 1315 1296 1372 tor-

348 1422 439 1477 tores
451 1413 526 1497 jam
546 1414 767 1495 incepissent,
782 1410 806 1474 J
809 1411 929 1476 udaeus
948 1411 1007 1475 ille
1024 1411 1159 1474 utilium
1177 1409 1298 1474 tardus

347 1513 504 1595 provisor
519 1512 613 1577 dedit
630 1511 811 1595 pecuniam
833 1517 1071 1586 memoratam,
1091 1518 1143 1587 ut,
1164 1516 1297 1592 septem

346 1610 506 1677 dentibus
520 1612 661 1688 evulsis,
679 1618 840 1675 octavum
856 1609 922 1673 sibi
937 1610 1074 1673 salvare
1089 1607 1221 1672 liceret.

452 1785 502 1850 De
516 1783 820 1850 commmunicatlouo
838 1783 965 1849 Othonis
976 1783 1184 1869 inperatoris.

183 1922 333 2016 Quem
396 1905 512 1975 Circa¹
528 1912 601 1975 dies
618 1911 703 1975 istos
716 1910 822 1986 Otho,
839 1909 1078 1974 Romanorum
1093 1908 1295 1989 imperator,

183 2025 311 2065 mmmm.
344 2029 474 2074 memor
496 2010 702 2074 sacramenti
728 2009 819 2092 qnod
843 2008 973 2074 fecerat
994 2027 1072 2071 cnm
1092 2026 1114 2070 a
1134 2025 1227 2087 papa
1250 2005 1293 2068 ad

343 2108 524 2190 imperium
551 2108 664 2173 fuerat
683 2108 902 2183 sublimatuS,
923 2107 1016 2189 quod
1037 2104 1198 2170 videlicet
1219 2104 1295 2185 dig·

345 2208 471 2270 nitates
493 2207 627 2290 imperii
651 2214 872 2270 conservaret
892 2213 927 2270 et
947 2205 1030 2289 jura
1052 2205 1208 2287 dispersa
1231 2223 1294 2286 pro

343 2305 573 2388 possibilitate
599 2325 663 2370 sua
688 2313 880 2382 revocaret,
906 2304 989 2368 lecit
1014 2323 1076 2387 per
1097 2322 1293 2366 sacramen·

344 2412 417 2468 tum
434 2405 597 2486 legalium
615 2405 791 2469 bominum
807 2404 942 2487 imperii
959 2403 1132 2468 dominica
1148 2402 1293 2465 castella

343 2523 408 2568 sua
427 2512 462 2569 et
478 2505 549 2569 alia
566 2505 648 2589 jnra
671 2504 715 2567 ad
735 2504 940 2586 dignitatem
963 2501 1175 2584 imperialem
1192 2519 1291 2582 spec·

343 2605 455 2667 tantia
484 2604 647 2686 perquiri,
679 2612 714 2668 et
737 2621 962 2685 quaecumque
994 2621 1056 2683 per
1083 2600 1292 2681 recognitio·

343 2722 420 2766 nem
448 2703 569 2786 adjus
601 2702 734 2785 imperii
760 2709 919 2783 spectare
945 2700 1112 2763 didicerat
1142 2700 1177 2761 in
1207 2718 1291 2762 usus

342 2820 424 2864 suos
441 2810 641 2866 convertere
657 2801 850 2865 laborabat.
898 2799 977 2862 Hac
991 2807 1107 2862 autem
1125 2797 1168 2860 de
1186 2815 1292 2861 causa

343 2908 421 2963 orta
438 2907 492 2964 est
507 2901 676 2964 dissensio
696 2899 903 2981 gravissima
921 2899 1012 2962 inter
1033 2898 1209 2961 dominum
1227 2915 1290 2979 pa·

343 3017 422 3080 pam
445 3006 480 3062 et
499 3000 739 3080 imperatorem
763 3005 1002 3074 memoratum,
1024 2996 1185 3078 eoquod,
1204 3005 1290 3060 tem·

342 3115 426 3177 pore
450 3115 518 3178 quo
536 3099 684 3161 vacabat
702 3098 896 3180 imperium,
916 3096 1004 3160 idem
1028 3114 1120 3178 papa
1145 3096 1290 3160 castella

341 3193 489 3276 plurima
519 3215 597 3259 cum
625 3198 726 3260 rebus
757 3196 835 3259 aliis
863 3203 1108 3278 occupaverat,
1136 3214 1214 3278 quae
1244 3195 1287 3259 ad

341 3292 545 3374 dignitatem
563 3294 696 3376 imperii
715 3296 955 3377 pertinebant3
980 3296 1070 3360 unde
1089 3295 1288 3377 imperator,

340 3393 423 3474 quia
450 3394 541 3477 quod
571 3414 671 3457 suum
700 3402 777 3458 erat
805 3414 969 3459 revocare
998 3394 1144 3470 studuit,
1174 3393 1288 3476 ipsum

339 3511 466 3574 papam
487 3494 561 3557 sine
582 3493 705 3556 merito
729 3492 772 3555 ad
797 3493 912 3557 odium
935 3494 1149 3576 provocavit.
1175 3539 1177 3542 -
1204 3492 1287 3556 Fre-

339 3590 491 3654 dericum
514 3612 664 3675 quoquc,
686 3611 802 3673 regem
825 3592 963 3670 Siciliae,
987 3592 1077 3656 idem
1099 3593 1288 3675 imperator

338 3691 493 3768 graviter
524 3697 724 3772 persecutus
747 3698 813 3768 est,
842 3693 901 3774 qui
930 3691 1098 3768 similiter,
1120 3691 1203 3754 dnm
1225 3709 1286 3754 va·

337 3788 431 3852 cavit
455 3789 647 3872 imperium,
669 3789 836 3872 quasdam
862 3791 1069 3854 munitiones
1096 3798 1287 3874 occupatas

337 3885 510 3967 detinuit;
533 3889 624 3951 unde
650 3908 742 3970 papa
764 3898 974 3953 memoratus
996 3891 1108 3971 ipsum
1137 3891 1287 3972 impera·

335 3992 444 4049 terem
462 4007 525 4068 per
541 3988 681 4050 nunties
701 3997 737 4052 et
751 3988 869 4053 literas
886 3989 1083 4071 frequenter
1099 3989 1285 4053 admonere

367 4161 374 4192 ¹
390 4163 464 4212 Circe
480 4162 532 4210 dier
548 4162 640 4225 intua]
669 4163 793 4224 Compare
820 4164 889 4213 llist.
906 4165 967 4214 xvii.
985 4179 1010 4225 p.
1028 4171 1075 4227 ⁸⁵3
1092 4165 1186 4217 Obron.
1204 4169 1237 4216 dc
1254 4169 1281 4217 S.

332 4230 374 4279 tlre
396 4236 503 4283 account
519 4233 552 4292 by
572 4231 650 4294 Brito,
669 4233 729 4283 Ree.
748 4232 794 4283 des
820 4234 910 4294 Denis,
920 4249 946 4295 p.
960 4239 1017 4284 89⁷.
