2970 5016
341 449 406 517 382
594 465 727 515 noonnr
753 467 799 513 na
823 465 1030 515 wannovan

178 634 234 673 1-11·
245 635 302 675 1111·
341 621 523 687 consilium
535 620 671 684 comitis
688 619 877 697 triremis,
888 620 960 700 qni,
978 625 1018 682 ut
1029 618 1287 695 dicebatuado-

340 720 447 784 neriis
463 718 556 800 regis
571 718 711 800 Angliae
726 727 910 799 corruptus
923 718 1049 794 fuerat,
1070 716 1115 780 de
1133 724 1235 793 nocte
1247 719 1288 791 ab

340 815 518 881 obsidione
530 818 740 889 recedentes,
751 817 879 880 relictis
892 816 1062 891 tentoriis,
1070 834 1193 878 versus
1204 815 1289 878 Can-

340 917 505 997 tebregge
516 934 593 978 cum
608 914 830 978 festinatione
844 916 912 978 iter
925 913 1110 995 arripiunt,
1127 923 1167 977 ut
1177 933 1289 995 regem

334 1012 410 1097 jam
430 1013 559 1078 dictum
585 1015 650 1077 sub
673 1014 835 1095 captione
857 1012 1122 1091 concluderent3
1145 1012 1209 1085 sed
1231 1012 1288 1087 ille

338 1132 401 1194 per
418 1112 656 1193 exploratores
673 1131 768 1188 suos,
780 1131 869 1194 quos
887 1112 1036 1194 optimos
1052 1110 1188 1188 habuit,
1205 1129 1291 1192 prae-

339 1212 503 1287 monitus,
517 1218 702 1292 antequam
723 1211 870 1275 barones
892 1210 936 1275 ed
955 1209 1198 1290 Cantebrcgge
1215 1229 1290 1290 per·

338 1310 526 1385 venissent,
553 1310 629 1390 ipse
653 1309 690 1372 in
717 1309 835 1373 villam
863 1308 906 1372 de
935 1307 1112 1376 stamford
1143 1307 1288 1372 callidus

338 1427 415 1472 sese
435 1408 549 1471 viator
568 1414 758 1488 receperat.
811 1407 958 1483 Deinde,
973 1425 1051 1470 cum
1068 1405 1289 1480 festinatione

338 1514 457 1588 partes
472 1513 656 1587 penetrans
671 1504 844 1587 aquilonis
860 1514 1013 1569 castrum
1026 1504 1220 1569 Lincolniae
1228 1523 1289 1567 an·

338 1603 428 1668 divit
444 1606 635 1681 obsessum,
658 1597 715 1668 'eo
733 1623 949 1685 summopere
969 1604 1204 1685 properabat3
1230 1603 1287 1667 sed

339 1702 504 1783 fugerunt
519 1723 541 1766 a
557 1702 644 1767 facie
666 1703 743 1785 ejus
761 1702 959 1767 Gilebertus
980 1702 1024 1775 de
1042 1701 1141 1777 Gant
1156 1703 1289 1767 esteri-

338 1819 406 1882 quc
434 1800 622 1877 Norenses,
643 1801 704 1882 qui
734 1802 778 1865 ad
803 1800 1013 1865 obsidionem
1041 1809 1288 1875 convenerant,

314 1902 317 1907 '
338 1900 560 1981 praesentiam
576 1900 652 1982 ejus
669 1908 708 1963 ut
723 1899 866 1964 fulmina
882 1907 1086 1963 metuentes.
1134 1899 1288 1974 Berones

339 2017 489 2080 quoque,
504 2000 564 2080 qui
581 2018 698 2080 regem
714 1999 861 2063 insecuti
877 1997 1026 2074 suerent,
1049 2016 1129 2060 cum
1151 2015 1191 2060 se
1208 2016 1287 2077 cog·

339 2097 517 2160 novissent
543 2097 676 2172 illusos,
700 2097 826 2177 praedis
846 2097 1018 2163 vacabant
1040 2102 1076 2158 et
1091 2095 1236 2177 rapinis,
1251 2104 1286 2159 et

338 2212 452 2255 rerum
477 2193 738 2274 depopulationi
760 2213 880 2258 curam
906 2193 1140 2269 adhibebant;
1167 2192 1288 2257 ddude

338 2307 416 2352 cum
438 2289 564 2370 praedis
578 2298 614 2353 et
628 2290 748 2369 spoliis
763 2291 961 2357 Londonias
976 2297 1058 2354 sunt
1069 2291 1214 2367 reversi,
1230 2292 1287 2354 ubi

338 2387 382 2451 ad
399 2385 591 2451 custodiam
614 2385 766 2450 civitatis
789 2389 917 2451 milites
940 2390 1175 2470 assignantes,
1193 2389 1287 2470 apud

339 2484 513 2548 Doveram
529 2484 572 2551 ad
588 2483 809 2555 Lodowicum
828 2483 973 2567 profecti
989 2495 1080 2549 sunt.
1116 2486 1196 2563 Rex
1207 2507 1286 2551 vero

338 2582 361 2645 J
364 2582 517 2647 ohannes
533 2583 666 2645 interea
681 2575 819 2647 ²rersus
833 2582 973 2647 Walliae
991 2582 1142 2647 confinia
1154 2603 1193 2648 se
1205 2603 1285 2648 oon·

338 2681 450 2744 serens
474 2680 618 2744 castella
639 2681 807 2744 baronum
830 2679 956 2744 ibidem
977 2681 1113 2745 obsedit
1134 2688 1170 2743 et
1182 2682 1285 2761 cepit

338 2798 417 2859 quae
447 2780 563 2845 omnia
596 2778 810 2861 complanari
841 2779 1030 2862 praecepit3
1064 2780 1101 2843 in
1132 2777 1286 2843 aedificiis

338 2884 454 2940 autem
480 2885 514 2940 et
531 2877 693 2958 pomeriis
709 2876 895 2940 eorundem
917 2878 1083 2941 baronum
1106 2876 1190 2954 illuc
1212 2877 1286 2957 pari

338 2974 541 3039 crudelitate
572 2975 799 3040 exardescens
829 2975 1022 3038 miserabile
1050 2975 1285 3056 spectaculum

337 3072 551 3136 intuentibus
568 3074 724 3154 praebuit.
760 3073 890 3137 Eodem
904 3080 1070 3154 tempore,
1086 3093 1205 3137 mense
1215 3072 1285 3136 An·

338 3177 453 3250 gusto,
470 3170 680 3246 Alexander,
699 3192 762 3235 rex
788 3171 978 3243 Scotorum,
995 3171 1088 3252 apud
1110 3171 1284 3235 Deveram

338 3269 381 3331 ad
405 3269 625 3333 Lodowicum
649 3270 804 3333 exercitu
826 3289 966 3349 magno,
990 3277 1132 3350 propter
1157 3277 1284 3334 metum

338 3366 429 3448 regis
460 3366 643 3443 Johannis,
674 3369 815 3431 veniens
841 3366 921 3431 fecit
946 3369 978 3430 ei
1013 3366 1215 3448 homagium
1242 3367 1284 3435 de

332 3465 413 3546 jure
430 3485 506 3541 suo,
524 3466 614 3548 quod
632 3465 675 3529 de
693 3485 773 3546 rege
789 3464 982 3546 Anglorum
1003 3472 1121 3544 tenere
1139 3465 1283 3544 debuit3

337 3562 397 3625 sed
417 3564 585 3628 veniendo
607 3582 727 3627 versus
746 3563 980 3641 Lodowicum,
1000 3564 1082 3633 dum
1100 3564 1284 3628 transitum

336 3660 465 3727 faceret
496 3682 556 3744 per
587 3662 768 3725 castellum
800 3662 982 3738 Bernardi,
1008 3663 1106 3744 quod
1137 3670 1214 3727 erat
1239 3662 1285 3727 de

336 3758 437 3823 feodo
455 3759 620 3841 Hugonis
642 3759 685 3823 de
701 3760 842 3837 Beillul,
865 3761 899 3823 in
923 3761 1102 3842 provincia
1124 3761 1167 3825 de
1184 3760 1286 3825 Hali·

372 3954 426 4003 'Eo
448 3971 593 4019 summopere
616 3957 768 4019 mandat.
825 3960 1000 4021 appearsfrom
1009 3960 1051 4008 the
1060 3960 1287 4021 Itinerary‚thatin

335 4021 429 4074 ‘Quod
458 4040 617 4089 summopere
641 4024 782 4077 forvisitare
824 4027 867 4077 the
878 4029 953 4077 latter
968 4035 1026 4091 part
1036 4029 1065 4078 os
1076 4029 1139 4090 ,luly
1150 4029 1288 4081 Johnwas

339 4090 594 4214 Qfflsmoe
612 4164 746 4230 aare]
774 4165 800 4214 n
825 4097 1149 4227 ddgriddd'nffl‘ffidw'
1161 4099 1293 4176 Tem·

718 4199 725 4214 .
810 4205 814 4234 ‚
891 4201 900 4230 ,
1100 4202 1106 4215 .
