2970 5016
449 461 587 508 rnosns
611 461 881 513 ursronrnsun.
1107 452 1147 515 ll

191 618 272 680 dere
297 598 494 692 consilium,
515 625 553 680 ut
578 618 702 681 animae
726 638 798 681 suar
825 619 1009 683 salubriter
1030 622 1147 702 provi·
1161 641 1216 681 nn.
1229 643 1286 681 rna

192 717 288 780 deret
312 715 431 790 saluti,
449 725 484 779 et
506 736 547 779 eo
567 717 780 797 diligentius,
799 737 869 798 quo
892 738 929 781 se
950 718 1055 783 sciret
1074 739 1147 783 ma-

194 816 304 878 turius
331 834 354 877 a
376 814 450 878 vita
477 816 631 896 corporis
661 815 919 880 dissolvendum
939 837 947 894 ;
972 817 1064 898 quod
1088 839 1150 882 au-

192 915 289 978 diens
328 913 512 994 episcopus
543 914 765 978 adstantibus
797 917 858 992 ait,
885 917 1063 999 ‘Decepit
1094 939 1149 983 me

194 1013 380 1098 Godricus,
412 1012 472 1094 qui
506 1020 708 1095 septennem
738 1014 820 1077 mihi
846 1016 1041 1079 coecitatem
1067 1026 1149 1082 ante

194 1121 340 1176 mortem
363 1112 523 1192 promisit
538 1112 564 1190 3'
592 1112 652 1175 sed
674 1131 742 1175 non
763 1114 934 1178 immerito
958 1134 1075 1178 coecus
1097 1116 1149 1179 di·

195 1213 350 1288 cehatur,
369 1211 442 1292 qui,
465 1209 549 1274 data
571 1212 719 1292 pecunia
742 1214 878 1277 comitis
904 1221 940 1276 et
961 1214 1148 1295 justiciarii

195 1330 320 1374 nomen
343 1310 408 1373 sibi
430 1310 581 1373 inaniter
603 1330 787 1391 usurpans,
811 1313 903 1375 curis
925 1332 962 1376 so
985 1314 1149 1377 seculari·

196 1410 260 1472 bus
295 1409 504 1484 immiscens,
539 1410 852 1490 peregrinationem
885 1418 986 1474 terrae
1018 1420 1151 1476 sanctas

196 1516 421 1590 postponens
442 1526 560 1571 curam
584 1510 776 1572 animarum
799 1510 937 1591 penitus
963 1519 998 1573 et
1022 1510 1151 1574 sollici·

197 1607 348 1670 tudinem
384 1607 594 1688 pastoralem
632 1609 898 1691 parvipendens,
934 1628 1003 1672 non
1039 1610 1149 1673 solum

196 1707 320 1769 mentis
338 1706 468 1768 lumine
487 1706 658 1787 privatus,
675 1727 794 1771 verum
812 1709 916 1771 otiam
934 1714 1029 1772 totus
1049 1709 1150 1773 effici-

198 1814 255 1867 tur
277 1805 505 1883 teuebrosus;
525 1806 644 1887 sicque
664 1807 860 1887 episcopus,
878 1806 1066 1870 secundum
1090 1809 1150 1872 ho·

197 1903 298 1965 minis
324 1904 391 1967 Dei
421 1904 614 1979 arbitrium,
645 1913 778 1986 septem
802 1908 902 1969 annis
929 1907 1079 1988 expletis
1104 1927 1149 1971 ex
1200 1982 1203 1989 ,

198 2002 262 2065 hac
279 2003 352 2066 vita
372 2002 530 2066 decessit.
575 1997 722 2065 ¹Eodem
746 2012 900 2086 tempore
920 2024 1035 2068 comes
1059 2006 1150 2069 Wil-

195 2101 319 2164 lelmus
340 2101 383 2163 de
409 2100 628 2182 Magnavilla
654 2101 746 2184 apud
773 2103 1033 2185 Rothomagum
1060 2104 1150 2169 diem

197 2200 322 2264 clausit
341 2207 547 2263 extremum.

239 2374 288 2437 De
298 2395 410 2458 peyna
425 2371 584 2437 laudabili
600 2394 621 2435 a
639 2371 829 2435 Christianis
843 2381 950 2436 contra
957 2393 1101 2457 papauer

587 2492 756 2535 mamaea

250 2596 379 2660 Eodem
395 2614 498 2671 auno,
514 2603 639 2676 quarto
656 2593 711 2657 die
727 2594 854 2656 mensis
869 2592 1044 2671 Octobris,
1058 2588 1148 2658 ²bel-
1161 2615 1292 2656 narseum

198 2695 268 2758 lum
289 2697 381 2760 inter
400 2694 617 2760 Christianos
638 2701 672 2757 et
693 2693 885 2756 Saracenos
905 2692 999 2773 apud
1021 2691 1147 2757 Antio·
1161 2666 1260 2706 mm

198 2794 309 2858 chiam
344 2795 563 2857 commissum
597 2800 650 2856 est
685 2792 720 2853 in
754 2791 844 2853 hunc
878 2789 1046 2868 modum3
1085 2811 1147 2855 rex

200 2893 433 2969 Hierusalem,
456 2893 641 2974 templarii,
669 2889 898 2970 hospitalarii,
921 2888 1074 2953 marchio
1106 2890 1148 2955 do

200 2991 512 3068 Monte-Ferrario,
545 2990 780 3069 Francigeuae,
809 2987 1030 3051 Theobaldus
1062 3009 1148 3070 prae-

199 3089 308 3155 sectus
325 3101 360 3154 et
380 3091 505 3154 Petrus
522 3089 649 3153 Leonis
670 3087 926 3169 landegravius,
941 3107 1020 3151 oum
1034 3088 1147 3152 Theu-

199 3190 323 3254 tonicis
342 3198 378 3253 et
400 3189 551 3265 Pisanis,
572 3188 674 3251 simul
697 3206 815 3250 omues
841 3186 977 3250 collecti
999 3196 1149 3270 quatuor

199 3288 307 3352 millia
342 3289 489 3352 militum
520 3296 556 3352 et
581 3295 718 3351 centum
749 3286 902 3367 peditum
928 3286 962 3347 in
994 3289 1148 3352 exercitu

200 3386 329 3451 Christi
350 3388 509 3464 suerunt3
537 3385 744 3451 Salaadinus
766 3393 882 3448 autem
902 3383 1050 3449 habebat
1068 3406 1148 3450 ceu-

199 3494 271 3548 tum
305 3487 415 3549 millia
448 3486 597 3549 militum
633 3493 667 3548 et
700 3484 851 3565 pediturn
894 3484 1147 3548 multitudinem

198 3591 425 3648 numerosam.
468 3584 657 3648 Christiani
675 3603 758 3647 voro
774 3584 874 3663 signo
891 3591 1024 3645 sauctae
1036 3583 1148 3647 crucis

199 3685 323 3747 armati
349 3685 441 3747 circa
469 3684 589 3747 horam
613 3683 680 3745 diei
710 3682 847 3746 tertiam
874 3681 1000 3744 bellum
1028 3681 1148 3744 incho-

197 3789 309 3859 antes,
350 3783 426 3846 Deo
459 3791 593 3864 partem
629 3782 766 3845 illorum
803 3781 954 3855 fovente,
992 3799 1149 3862 paganos

233 3967 337 4013 ¹Eodem
347 3965 470 4030 tempora]
486 3967 517 4016 In
525 3967 567 4016 the
576 3966 660 4015 mouth
687 3965 840 4027 Saracena]
857 3964 910 4012 The
928 3971 1035 4014 account
1047 3965 1148 4014 'follow-

196 4035 226 4083 οἱ
235 4035 394 4096 November;
413 4037 545 4086 Benedict.
557 4053 582 4098 p.
595 4041 653 4085 570.
687 4037 730 4095 ing
754 4037 775 4082 is
793 4034 869 4081 taken
888 4034 950 4080 srorn
971 4035 1013 4082 the
1031 4035 1104 4083 letter
1123 4036 1151 4083 ol

686 4104 814 4152 'l'heobnld
833 4108 858 4150 to
877 4102 919 4151 tho
938 4119 1012 4165 popo,
1029 4119 1057 4153 ns
1075 4105 1148 4166 given

232 4168 352 4219 ’Bellum
376 4171 440 4221 inter
462 4173 616 4222 Christianos
637 4177 660 4220 rt
690 4176 721 4234 by
734 4173 962 4233 lliceto,col.bltl.
