2910 5010
325 466 390 530 164
587 479 720 527 nocam
746 479 792 526 nn
817 477 1025 525 wnnnovnn

163 653 220 693 M>-
231 653 289 693 1200·
328 640 442 702 Deum
460 657 523 719 pro
541 656 595 713 eo,
612 636 729 700 soluta
747 642 830 697 sunt
851 632 991 698 vincula
1011 630 1190 705 sathanae,
1207 631 1286 711 qni-

326 739 391 802 bus
426 755 548 800 manus
585 736 662 819 ejus
697 734 894 798 constrictae
926 731 1079 806 fuerant,
1107 737 1144 792 et
1174 748 1284 791 sanus

326 836 469 900 effectus
485 836 562 898 Deo
579 843 614 898 et
628 841 750 898 sancto
766 831 908 916 praesuli
925 831 1057 912 gratias
1074 829 1158 910 egit.

548 999 599 1062 De
614 997 774 1082 sepultura
790 995 891 1059 madi
906 993 1057 1079 Huponis.

166 1138 284 1178 ulman
380 1121 520 1203 Vigiliis
538 1129 655 1185 autern
678 1120 771 1184 circa
796 1138 923 1201 corpus
948 1117 1122 1200 pontificis
1143 1118 1210 1181 rite
1227 1138 1283 1181 co-

166 1189 201 1228 hi·
209 1190 274 1227 romb.

328 1221 483 1297 lebratis,
508 1240 585 1284 curn
610 1220 685 1283 dies
707 1220 881 1283 crastinus
901 1218 1089 1293 illuxisset,
1111 1217 1284 1300 archiepi-

328 1321 425 1403 scopi
450 1340 528 1383 cum
553 1320 725 1402 episcopis
753 1318 952 1381 memoratis
981 1335 1108 1398 corpus
1135 1320 1284 1380 sanctis-

328 1420 452 1482 simum
469 1427 549 1501 post
567 1420 748 1481 missarum
766 1417 934 1480 solemnia
956 1416 992 1478 in
1014 1415 1161 1478 ecclesia
1179 1437 1284 1491 nova,

329 1536 433 1600 quam
455 1519 531 1600 ipse
553 1538 575 1581 a
600 1517 831 1581 fundamentis
853 1522 1097 1587 construxerat
1119 1515 1156 1577 in
1176 1515 1283 1580 hono

329 1637 401 1680 rem
420 1617 487 1680 Dei
502 1617 678 1698 genitricis
695 1616 831 1691 Mariae,
843 1615 948 1698 juxta
964 1614 1075 1677 altare
1090 1615 1204 1678 sancti
1221 1614 1245 1678 J
1248 1635 1284 1678 o

329 1716 452 1779 hannis
470 1716 640 1798 Baptistae
656 1714 843 1797 sepulturae
862 1713 1024 1777 decenter
1040 1712 1283 1792 tradiderunt;

329 1815 415 1879 illud
431 1834 513 1879 vero
528 1813 676 1879 officium
699 1822 770 1879 tarn
790 1813 976 1894 diligenter
991 1813 1117 1893 exequi
1139 1814 1284 1877 studue-

331 1921 425 1990 runt,
436 1914 476 1978 ut'
492 1914 667 1978 videretur
682 1912 848 1976 divinitus
862 1912 1057 1975 ordinatum
1072 1911 1166 1994 quod
1179 1932 1285 1995 prop-

330 2021 384 2077 ter
400 2012 466 2076 hoc
479 2013 676 2094 specialiter
692 2012 945 2075 convenissent.
982 2010 1147 2092 Sepultus
1159 2019 1214 2075 est
1225 2032 1285 2076 au·

331 2119 400 2175 tem
412 2119 537 2174 octavo
547 2110 714 2174 kalendas
729 2109 941 2186 Decembris,
951 2111 995 2173 ad
1012 2110 1111 2192 cujus
1128 2113 1283 2175 tumbam

330 2208 448 2273 divina
476 2229 545 2272 non
575 2210 738 2273 desinunt
763 2209 929 2273 celebrari
950 2208 1128 2284 miracula,
1151 2211 1182 2272 si
1204 2231 1283 2274 cum

331 2308 456 2372 fiducia
472 2329 494 2372 a
509 2327 682 2390 quoquam
706 2309 923 2390 requiratur3
948 2327 1026 2372 nam
1052 2316 1132 2390 post
1155 2308 1285 2390 glorio-

330 2426 404 2471 sam
422 2408 487 2471 viri
511 2408 579 2471 Dei
600 2407 812 2489 sepulturam
840 2427 926 2490 puer
946 2408 1085 2490 quidam
1108 2407 1151 2470 de
1175 2411 1284 2490 parti-

330 2508 396 2571 bus
420 2507 608 2571 Lincolniae
630 2526 691 2588 per
707 2506 901 2588 quindecim
923 2507 998 2570 dios
1021 2514 1209 2587 aegrotans,
1232 2510 1284 2572 in·

330 2607 527 2671 valescente
557 2608 688 2682 morbo,
720 2606 879 2688 pervenit
908 2606 952 2668 ad
991 2614 1150 2682 mortem,
1182 2608 1282 2690 cujus

331 2727 457 2790 corpus
476 2708 563 2771 adeo
586 2713 728 2789 repente
743 2706 886 2786 diriguit
899 2725 940 2768 ac
964 2705 994 2768 si
1016 2725 1078 2787 per
1099 2706 1172 2769 dies
1196 2708 1281 2771 mul-

330 2813 386 2870 tos
409 2814 581 2870 mortuum
602 2806 813 2882 exstitisset3
845 2824 915 2886 qno
935 2806 1022 2880 viso,
1047 2805 1170 2868 mulier
1187 2826 1282 2889 quae-

330 2903 410 2968 dam
439 2904 607 2968 accedens
633 2905 752 2968 oculos
774 2904 900 2967 clausit
923 2911 958 2966 et
974 2905 1127 2967 membra
1152 2915 1281 2970 mortu-

330 3022 428 3065 orum
443 3023 537 3065 more
551 3003 733 3083 disposuit.
768 3002 926 3085 Cumque
940 3004 1005 3065 sub
1023 3003 1089 3067 hoc
1106 3003 1281 3070 schemate

329 3118 353 3162 a
370 3108 523 3181 tempore
538 3100 746 3180 gallicantus
768 3121 879 3183 usque
902 3103 945 3164 ad
970 3101 1159 3166 diluculum
1178 3105 1280 3188 jacu-

329 3197 425 3273 isset,
457 3205 579 3274 mater,
605 3199 705 3282 cnjus
738 3200 822 3263 fides
854 3202 946 3264 inter
971 3201 1168 3283 lachrymas
1201 3223 1280 3268 curn

329 3294 400 3359 filio
416 3297 591 3360 exstincta
613 3317 682 3360 non
707 3298 832 3378 suerat,
856 3320 933 3364 curn
960 3300 1071 3363 multa
1093 3301 1219 3366 fiducia
1236 3305 1280 3367 ad

329 3413 455 3479 corpus
475 3397 633 3471 accessit,
657 3391 883 3481 ¹acceptoque
905 3399 963 3462 filo
981 3399 1135 3464 candelis
1150 3401 1280 3466 facien·

329 3495 383 3557 dis
406 3496 541 3572 idoneo,
561 3515 703 3577 puerum
727 3499 875 3562 inomni
904 3499 1116 3564 dimensione
1146 3521 1281 3567 mensu·

329 3613 406 3659 rare
433 3595 564 3677 coepit3
592 3615 661 3678 quo
685 3596 788 3672 facto,
813 3597 1019 3661 fiducialiter
1040 3618 1118 3661 cum
1144 3600 1283 3686 lachry-

329 3694 395 3756 mis
412 3694 514 3770 dixit,
532 3694 669 3757 ‘Etiam
696 3696 725 3757 si
752 3696 911 3778 sepultus
937 3703 1029 3761 esset
1052 3697 1146 3761 filius
1170 3720 1281 3779 meus,

328 3801 447 3875 posset
461 3794 557 3858 illum
571 3793 740 3857 Dominus
754 3796 937 3859 restituere
952 3815 1013 3877 per
1025 3798 1151 3861 merita
1167 3803 1281 3865 sancti

330 3891 516 3973 Hugonis.’
547 3892 732 3958 Crescente
750 3914 831 3957 vero
847 3895 915 3971 die,
931 3894 1087 3960 lecerunt
1104 3900 1281 3965 orationes

327 3998 363 4053 et
376 3992 611 4074 eleemosynas
633 4013 695 4075 pro
716 3993 832 4056 anima
856 3995 966 4075 parvi,
988 4003 1023 4059 et
1044 3996 1213 4061 miserunt
1235 4000 1279 4063 ad

325 4090 520 4153 vocandum
551 4092 764 4156 sacerdotem
793 4093 836 4155 ad
866 4093 981 4169 funus,
1014 4102 1125 4158 matre
1146 4097 1282 4180 jugiter

584 4247 779 4320 Haemoque]
796 4248 958 4316 ‘noctoque‘
977 4254 1007 4303 C.
