<?xml version="1.0" encoding="UTF-8"?>
<!DOCTYPE html PUBLIC "-//W3C//DTD XHTML 1.0 Transitional//EN"
    "http://www.w3.org/TR/xhtml1/DTD/xhtml1-transitional.dtd">
<html xmlns="http://www.w3.org/1999/xhtml" xml:lang="en" lang="en">
 <head>
  <title>
</title>
<meta http-equiv="Content-Type" content="text/html;charset=utf-8" />
  <meta name='ocr-system' content='tesseract 3.04.00' />
  <meta name='ocr-capabilities' content='ocr_page ocr_carea ocr_par ocr_line ocrx_word'/>
</head>
<body>
  <div class='ocr_page' id='page_1' title='image "./rogeridewendove08rogegoog_0290.png"; bbox 0 0 2970 5016; ppageno 0'>
   <div class='ocr_carea' id='block_1_1' title="bbox 454 459 1144 524">
    <p class='ocr_par' dir='ltr' id='par_1_1' title="bbox 454 459 1144 524">
     <span class='ocr_line' id='line_1_1' title="bbox 454 459 1144 524; baseline 0.012 -7"><span class='ocrx_word' id='word_1_1' title='bbox 454 470 594 518; x_wconf 81' lang='lat' dir='ltr'><strong>rconns</strong></span> <span class='ocrx_word' id='word_1_2' title='bbox 618 469 890 520; x_wconf 77' lang='lat' dir='ltr'><strong>ursronrnuuu.</strong></span> <span class='ocrx_word' id='word_1_3' title='bbox 1078 459 1144 524; x_wconf 77' lang='lat'><strong>281</strong></span> 
     </span>
    </p>
   </div>
   <div class='ocr_carea' id='block_1_2' title="bbox 183 627 1280 3882">
    <p class='ocr_par' dir='ltr' id='par_1_2' title="bbox 183 627 1280 3882">
     <span class='ocr_line' id='line_1_2' title="bbox 192 627 1280 713; baseline -0.005 -21"><span class='ocrx_word' id='word_1_4' title='bbox 192 628 334 692; x_wconf 89' lang='lat' dir='ltr'><strong>Novcnt</strong></span> <span class='ocrx_word' id='word_1_5' title='bbox 356 627 494 706; x_wconf 91' lang='lat' dir='ltr'><strong>dicitnr,</strong></span> <span class='ocrx_word' id='word_1_6' title='bbox 516 629 649 694; x_wconf 89' lang='lat' dir='ltr'><strong>incluso</strong></span> <span class='ocrx_word' id='word_1_7' title='bbox 665 630 701 692; x_wconf 92' lang='lat' dir='ltr'><strong>in</strong></span> <span class='ocrx_word' id='word_1_8' title='bbox 723 649 764 694; x_wconf 92' lang='lat' dir='ltr'><strong>eo</strong></span> <span class='ocrx_word' id='word_1_9' title='bbox 779 630 856 713; x_wconf 91' lang='lat' dir='ltr'><strong>ipso</strong></span> <span class='ocrx_word' id='word_1_10' title='bbox 873 629 1044 695; x_wconf 83' lang='lat' dir='ltr'><strong>Gauirido</strong></span> <span class='ocrx_word' id='word_1_11' title='bbox 1066 652 1144 695; x_wconf 91' lang='lat' dir='ltr'><strong>cum</strong></span> <span class='ocrx_word' id='word_1_12' title='bbox 1158 649 1280 690; x_wconf 65' lang='lat' dir='ltr'><strong>numu.</strong></span> 
     </span>
     <span class='ocr_line' id='line_1_3' title="bbox 191 727 1144 813; baseline 0.006 -23"><span class='ocrx_word' id='word_1_13' title='bbox 191 727 326 791; x_wconf 90' lang='lat' dir='ltr'><strong>dnobus</strong></span> <span class='ocrx_word' id='word_1_14' title='bbox 343 728 424 790; x_wconf 84' lang='lat' dir='ltr'><strong>filiis</strong></span> <span class='ocrx_word' id='word_1_15' title='bbox 447 728 542 805; x_wconf 81' lang='lat' dir='ltr'><strong>suis3</strong></span> <span class='ocrx_word' id='word_1_16' title='bbox 567 736 602 793; x_wconf 87' lang='lat' dir='ltr'><strong>et</strong></span> <span class='ocrx_word' id='word_1_17' title='bbox 625 748 702 792; x_wconf 88' lang='lat' dir='ltr'><strong>cum</strong></span> <span class='ocrx_word' id='word_1_18' title='bbox 720 730 796 812; x_wconf 87' lang='lat' dir='ltr'><strong>jam</strong></span> <span class='ocrx_word' id='word_1_19' title='bbox 818 749 880 813; x_wconf 92' lang='lat' dir='ltr'><strong>per</strong></span> <span class='ocrx_word' id='word_1_20' title='bbox 898 738 968 793; x_wconf 90' lang='lat' dir='ltr'><strong>tres</strong></span> <span class='ocrx_word' id='word_1_21' title='bbox 991 730 1065 794; x_wconf 88' lang='lat' dir='ltr'><strong>dies</strong></span> <span class='ocrx_word' id='word_1_22' title='bbox 1090 733 1144 796; x_wconf 89' lang='lat' dir='ltr'><strong>usi</strong></span> 
     </span>
     <span class='ocr_line' id='line_1_4' title="bbox 192 827 1144 909; baseline 0.004 -20"><span class='ocrx_word' id='word_1_23' title='bbox 192 827 377 890; x_wconf 80' lang='lat' dir='ltr'><strong>fuissemus</strong></span> <span class='ocrx_word' id='word_1_24' title='bbox 402 828 567 891; x_wconf 89' lang='lat' dir='ltr'><strong>continua</strong></span> <span class='ocrx_word' id='word_1_25' title='bbox 594 830 820 909; x_wconf 79' lang='lat' dir='ltr'>petrariarum</span> <span class='ocrx_word' id='word_1_26' title='bbox 848 837 1044 892; x_wconf 90' lang='lat' dir='ltr'><strong>nostrarum</strong></span> <span class='ocrx_word' id='word_1_27' title='bbox 1068 851 1144 895; x_wconf 90' lang='lat' dir='ltr'><strong>ver·</strong></span> 
     </span>
     <span class='ocr_line' id='line_1_5' title="bbox 191 925 1143 1011; baseline 0.004 -22"><span class='ocrx_word' id='word_1_28' title='bbox 191 927 380 1003; x_wconf 82' lang='lat' dir='ltr'><strong>horatione,</strong></span> <span class='ocrx_word' id='word_1_29' title='bbox 403 925 439 989; x_wconf 92' lang='lat' dir='ltr'><strong>in</strong></span> <span class='ocrx_word' id='word_1_30' title='bbox 463 934 599 990; x_wconf 91' lang='lat' dir='ltr'><strong>tantum</strong></span> <span class='ocrx_word' id='word_1_31' title='bbox 625 933 664 990; x_wconf 92' lang='lat' dir='ltr'><strong>ut</strong></span> <span class='ocrx_word' id='word_1_32' title='bbox 683 927 876 991; x_wconf 82' lang='lat' dir='ltr'><strong>immineret</strong></span> <span class='ocrx_word' id='word_1_33' title='bbox 897 930 995 993; x_wconf 88' lang='lat' dir='ltr'><strong>nobis</strong></span> <span class='ocrx_word' id='word_1_34' title='bbox 1018 948 1143 1011; x_wconf 91' lang='lat' dir='ltr'><strong>oppor-</strong></span> 
     </span>
     <span class='ocr_line' id='line_1_6' title="bbox 192 1026 1145 1107; baseline 0.003 -18"><span class='ocrx_word' id='word_1_35' title='bbox 192 1026 323 1089; x_wconf 89' lang='lat' dir='ltr'><strong>tunitas</strong></span> <span class='ocrx_word' id='word_1_36' title='bbox 339 1026 511 1107; x_wconf 91' lang='lat' dir='ltr'><strong>captionis</strong></span> <span class='ocrx_word' id='word_1_37' title='bbox 527 1026 631 1089; x_wconf 82' lang='lat' dir='ltr'><strong>castri</strong></span> <span class='ocrx_word' id='word_1_38' title='bbox 649 1026 817 1107; x_wconf 82' lang='lat' dir='ltr'><strong>proedicti,</strong></span> <span class='ocrx_word' id='word_1_39' title='bbox 833 1026 929 1091; x_wconf 84' lang='lat' dir='ltr'><strong>venit</strong></span> <span class='ocrx_word' id='word_1_40' title='bbox 945 1027 989 1091; x_wconf 89' lang='lat' dir='ltr'><strong>ad</strong></span> <span class='ocrx_word' id='word_1_41' title='bbox 1007 1047 1070 1091; x_wconf 91' lang='lat' dir='ltr'><strong>nos</strong></span> <span class='ocrx_word' id='word_1_42' title='bbox 1087 1048 1145 1092; x_wconf 91' lang='lat' dir='ltr'><strong>co-</strong></span> 
     </span>
     <span class='ocr_line' id='line_1_7' title="bbox 192 1123 1143 1207; baseline 0.004 -21"><span class='ocrx_word' id='word_1_43' title='bbox 192 1144 265 1187; x_wconf 88' lang='lat' dir='ltr'><strong>mes</strong></span> <span class='ocrx_word' id='word_1_44' title='bbox 290 1124 333 1186; x_wconf 93' lang='lat' dir='ltr'><strong>de</strong></span> <span class='ocrx_word' id='word_1_45' title='bbox 352 1123 512 1187; x_wconf 87' lang='lat' dir='ltr'><strong>Marchia</strong></span> <span class='ocrx_word' id='word_1_46' title='bbox 532 1123 682 1188; x_wconf 89' lang='lat' dir='ltr'><strong>efficiens</strong></span> <span class='ocrx_word' id='word_1_47' title='bbox 703 1125 795 1207; x_wconf 86' lang='lat' dir='ltr'><strong>quod</strong></span> <span class='ocrx_word' id='word_1_48' title='bbox 814 1126 928 1190; x_wconf 90' lang='lat' dir='ltr'><strong>dictus</strong></span> <span class='ocrx_word' id='word_1_49' title='bbox 953 1126 1143 1190; x_wconf 90' lang='lat' dir='ltr'><strong>Gaufridus</strong></span> 
     </span>
     <span class='ocr_line' id='line_1_8' title="bbox 192 1222 1144 1302; baseline 0.004 -16"><span class='ocrx_word' id='word_1_50' title='bbox 192 1243 230 1286; x_wconf 88' lang='lat' dir='ltr'><strong>se</strong></span> <span class='ocrx_word' id='word_1_51' title='bbox 248 1222 397 1286; x_wconf 84' lang='lat' dir='ltr'><strong>reddidit</strong></span> <span class='ocrx_word' id='word_1_52' title='bbox 417 1223 453 1284; x_wconf 94' lang='lat' dir='ltr'><strong>in</strong></span> <span class='ocrx_word' id='word_1_53' title='bbox 472 1222 740 1287; x_wconf 88' lang='lat' dir='ltr'><strong>misericordiam</strong></span> <span class='ocrx_word' id='word_1_54' title='bbox 766 1232 931 1302; x_wconf 90' lang='lat' dir='ltr'><strong>nostram,</strong></span> <span class='ocrx_word' id='word_1_55' title='bbox 955 1246 1033 1290; x_wconf 91' lang='lat' dir='ltr'><strong>cum</strong></span> <span class='ocrx_word' id='word_1_56' title='bbox 1057 1226 1144 1290; x_wconf 91' lang='lat' dir='ltr'><strong>duo·</strong></span> 
     </span>
     <span class='ocr_line' id='line_1_9' title="bbox 193 1321 1144 1408; baseline 0.003 -24"><span class='ocrx_word' id='word_1_57' title='bbox 193 1323 257 1385; x_wconf 89' lang='lat' dir='ltr'><strong>bus</strong></span> <span class='ocrx_word' id='word_1_58' title='bbox 281 1321 361 1385; x_wconf 85' lang='lat' dir='ltr'><strong>tiliis</strong></span> <span class='ocrx_word' id='word_1_59' title='bbox 383 1322 456 1384; x_wconf 88' lang='lat' dir='ltr'><strong>suis</strong></span> <span class='ocrx_word' id='word_1_60' title='bbox 478 1329 514 1385; x_wconf 88' lang='lat' dir='ltr'><strong>et</strong></span> <span class='ocrx_word' id='word_1_61' title='bbox 538 1329 654 1385; x_wconf 88' lang='lat' dir='ltr'><strong>castro</strong></span> <span class='ocrx_word' id='word_1_62' title='bbox 676 1342 741 1386; x_wconf 91' lang='lat' dir='ltr'><strong>sno</strong></span> <span class='ocrx_word' id='word_1_63' title='bbox 763 1331 799 1387; x_wconf 86' lang='lat' dir='ltr'><strong>ct</strong></span> <span class='ocrx_word' id='word_1_64' title='bbox 823 1326 982 1389; x_wconf 91' lang='lat' dir='ltr'><strong>omnibus</strong></span> <span class='ocrx_word' id='word_1_65' title='bbox 1005 1344 1083 1408; x_wconf 86' lang='lat' dir='ltr'><strong>quae</strong></span> <span class='ocrx_word' id='word_1_66' title='bbox 1108 1327 1144 1389; x_wconf 92' lang='lat' dir='ltr'><strong>in</strong></span> 
     </span>
     <span class='ocr_line' id='line_1_10' title="bbox 192 1420 1144 1500; baseline 0.002 -16"><span class='ocrx_word' id='word_1_67' title='bbox 192 1441 234 1484; x_wconf 90' lang='lat' dir='ltr'><strong>eo</strong></span> <span class='ocrx_word' id='word_1_68' title='bbox 251 1428 361 1485; x_wconf 90' lang='lat' dir='ltr'><strong>erant.</strong></span> <span class='ocrx_word' id='word_1_69' title='bbox 415 1420 473 1497; x_wconf 90' lang='lat' dir='ltr'><strong>Et,</strong></span> <span class='ocrx_word' id='word_1_70' title='bbox 489 1420 571 1483; x_wconf 91' lang='lat' dir='ltr'><strong>dum</strong></span> <span class='ocrx_word' id='word_1_71' title='bbox 585 1420 697 1484; x_wconf 87' lang='lat' dir='ltr'><strong>adhuc</strong></span> <span class='ocrx_word' id='word_1_72' title='bbox 719 1423 767 1486; x_wconf 88' lang='lat' dir='ltr'><strong>ibi</strong></span> <span class='ocrx_word' id='word_1_73' title='bbox 788 1422 926 1500; x_wconf 87' lang='lat' dir='ltr'><strong>suimus,</strong></span> <span class='ocrx_word' id='word_1_74' title='bbox 948 1425 1144 1488; x_wconf 90' lang='lat' dir='ltr'><strong>nuntiatum</strong></span> 
     </span>
     <span class='ocr_line' id='line_1_11' title="bbox 194 1519 1145 1602; baseline 0.004 -20"><span class='ocrx_word' id='word_1_75' title='bbox 194 1519 260 1583; x_wconf 85' lang='lat' dir='ltr'><strong>fuit</strong></span> <span class='ocrx_word' id='word_1_76' title='bbox 283 1521 394 1596; x_wconf 91' lang='lat' dir='ltr'><strong>nobis,</strong></span> <span class='ocrx_word' id='word_1_77' title='bbox 416 1520 508 1602; x_wconf 92' lang='lat' dir='ltr'><strong>quod</strong></span> <span class='ocrx_word' id='word_1_78' title='bbox 530 1519 621 1584; x_wconf 89' lang='lat' dir='ltr'><strong>iilius</strong></span> <span class='ocrx_word' id='word_1_79' title='bbox 644 1522 736 1602; x_wconf 79' lang='lat' dir='ltr'><strong>regis</strong></span> <span class='ocrx_word' id='word_1_80' title='bbox 761 1521 918 1586; x_wconf 84' lang='lat' dir='ltr'><strong>Franciae</strong></span> <span class='ocrx_word' id='word_1_81' title='bbox 939 1522 1145 1588; x_wconf 88' lang='lat' dir='ltr'><strong>Lodowicus</strong></span> 
     </span>
     <span class='ocr_line' id='line_1_12' title="bbox 193 1618 1144 1702; baseline 0.004 -20"><span class='ocrx_word' id='word_1_82' title='bbox 193 1619 367 1701; x_wconf 85' lang='lat' dir='ltr'><strong>quoddam</strong></span> <span class='ocrx_word' id='word_1_83' title='bbox 403 1618 584 1682; x_wconf 86' lang='lat' dir='ltr'><strong>castellum</strong></span> <span class='ocrx_word' id='word_1_84' title='bbox 615 1619 724 1702; x_wconf 88' lang='lat' dir='ltr'><strong>ipsius</strong></span> <span class='ocrx_word' id='word_1_85' title='bbox 758 1619 920 1685; x_wconf 88' lang='lat' dir='ltr'><strong>Gausridi</strong></span> <span class='ocrx_word' id='word_1_86' title='bbox 950 1622 1144 1699; x_wconf 81' lang='lat' dir='ltr'><strong>obsederat,</strong></span> 
     </span>
     <span class='ocr_line' id='line_1_13' title="bbox 193 1718 1144 1802; baseline 0.005 -22"><span class='ocrx_word' id='word_1_87' title='bbox 193 1719 286 1800; x_wconf 89' lang='lat' dir='ltr'><strong>qnod</strong></span> <span class='ocrx_word' id='word_1_88' title='bbox 319 1718 534 1781; x_wconf 87' lang='lat' dir='ltr'><strong>Mnneuntnr</strong></span> <span class='ocrx_word' id='word_1_89' title='bbox 567 1718 714 1799; x_wconf 89' lang='lat' dir='ltr'><strong>dicitur;</strong></span> <span class='ocrx_word' id='word_1_90' title='bbox 747 1720 872 1802; x_wconf 88' lang='lat' dir='ltr'><strong>quibus</strong></span> <span class='ocrx_word' id='word_1_91' title='bbox 908 1721 1048 1799; x_wconf 89' lang='lat' dir='ltr'><strong>auditis,</strong></span> <span class='ocrx_word' id='word_1_92' title='bbox 1082 1741 1144 1785; x_wconf 91' lang='lat' dir='ltr'><strong>nos</strong></span> 
     </span>
     <span class='ocr_line' id='line_1_14' title="bbox 193 1818 1144 1898; baseline 0.005 -18"><span class='ocrx_word' id='word_1_93' title='bbox 193 1818 312 1881; x_wconf 90' lang='lat' dir='ltr'><strong>statim</strong></span> <span class='ocrx_word' id='word_1_94' title='bbox 335 1837 456 1881; x_wconf 89' lang='lat' dir='ltr'><strong>versus</strong></span> <span class='ocrx_word' id='word_1_95' title='bbox 480 1824 596 1898; x_wconf 88' lang='lat' dir='ltr'><strong>partes</strong></span> <span class='ocrx_word' id='word_1_96' title='bbox 624 1818 702 1881; x_wconf 88' lang='lat' dir='ltr'><strong>illas</strong></span> <span class='ocrx_word' id='word_1_97' title='bbox 726 1818 941 1896; x_wconf 87' lang='lat' dir='ltr'><strong>divertimus,</strong></span> <span class='ocrx_word' id='word_1_98' title='bbox 968 1827 1007 1884; x_wconf 90' lang='lat' dir='ltr'><strong>nt</strong></span> <span class='ocrx_word' id='word_1_99' title='bbox 1029 1821 1061 1885; x_wconf 87' lang='lat' dir='ltr'><strong>ei</strong></span> <span class='ocrx_word' id='word_1_100' title='bbox 1086 1840 1144 1884; x_wconf 90' lang='lat' dir='ltr'><strong>oc·</strong></span> 
     </span>
     <span class='ocr_line' id='line_1_15' title="bbox 195 1915 1145 1999; baseline 0.002 -19"><span class='ocrx_word' id='word_1_101' title='bbox 195 1933 421 1993; x_wconf 86' lang='lat' dir='ltr'><strong>curreremus,</strong></span> <span class='ocrx_word' id='word_1_102' title='bbox 452 1915 503 1979; x_wconf 86' lang='lat' dir='ltr'><strong>ita</strong></span> <span class='ocrx_word' id='word_1_103' title='bbox 534 1916 627 1999; x_wconf 91' lang='lat' dir='ltr'><strong>quod</strong></span> <span class='ocrx_word' id='word_1_104' title='bbox 657 1918 692 1980; x_wconf 96' lang='lat' dir='ltr'><strong>in</strong></span> <span class='ocrx_word' id='word_1_105' title='bbox 724 1917 780 1980; x_wconf 91' lang='lat' dir='ltr'><strong>die</strong></span> <span class='ocrx_word' id='word_1_106' title='bbox 805 1926 936 1983; x_wconf 86' lang='lat' dir='ltr'><strong>sanctae</strong></span> <span class='ocrx_word' id='word_1_107' title='bbox 961 1918 1145 1983; x_wconf 88' lang='lat' dir='ltr'><strong>Trinitatis</strong></span> 
     </span>
     <span class='ocr_line' id='line_1_16' title="bbox 192 2014 1144 2098; baseline 0.002 -20"><span class='ocrx_word' id='word_1_108' title='bbox 192 2016 323 2079; x_wconf 81' lang='lat' dir='ltr'><strong>suimus</strong></span> <span class='ocrx_word' id='word_1_109' title='bbox 348 2016 440 2098; x_wconf 91' lang='lat' dir='ltr'><strong>apud</strong></span> <span class='ocrx_word' id='word_1_110' title='bbox 464 2014 884 2092; x_wconf 84' lang='lat' dir='ltr'><strong>Parthenai,ubic0n1es</strong></span> <span class='ocrx_word' id='word_1_111' title='bbox 909 2017 952 2081; x_wconf 91' lang='lat' dir='ltr'><strong>da</strong></span> <span class='ocrx_word' id='word_1_112' title='bbox 974 2018 1144 2094; x_wconf 86' lang='lat' dir='ltr'><strong>Marchia,</strong></span> 
     </span>
     <span class='ocr_line' id='line_1_17' title="bbox 194 2113 1142 2195; baseline 0.002 -17"><span class='ocrx_word' id='word_1_113' title='bbox 194 2134 309 2178; x_wconf 90' lang='lat' dir='ltr'><strong>comcs</strong></span> <span class='ocrx_word' id='word_1_114' title='bbox 326 2114 369 2178; x_wconf 90' lang='lat' dir='ltr'><strong>de</strong></span> <span class='ocrx_word' id='word_1_115' title='bbox 379 2113 488 2195; x_wconf 66' lang='lat' dir='ltr'><strong>nugi,</strong></span> <span class='ocrx_word' id='word_1_116' title='bbox 506 2114 550 2177; x_wconf 88' lang='lat' dir='ltr'><strong>ad</strong></span> <span class='ocrx_word' id='word_1_117' title='bbox 570 2134 633 2177; x_wconf 91' lang='lat' dir='ltr'><strong>nos</strong></span> <span class='ocrx_word' id='word_1_118' title='bbox 651 2125 818 2181; x_wconf 87' lang='lat' dir='ltr'><strong>venerunt</strong></span> <span class='ocrx_word' id='word_1_119' title='bbox 833 2136 912 2181; x_wconf 91' lang='lat' dir='ltr'><strong>cum</strong></span> <span class='ocrx_word' id='word_1_120' title='bbox 934 2117 1027 2182; x_wconf 91' lang='lat' dir='ltr'><strong>dicto</strong></span> <span class='ocrx_word' id='word_1_121' title='bbox 1045 2115 1142 2181; x_wconf 86' lang='lat' dir='ltr'><strong>Gau·</strong></span> 
     </span>
     <span class='ocr_line' id='line_1_18' title="bbox 193 2212 1144 2298; baseline 0.004 -22"><span class='ocrx_word' id='word_1_122' title='bbox 193 2214 281 2277; x_wconf 86' lang='lat' dir='ltr'><strong>frido</strong></span> <span class='ocrx_word' id='word_1_123' title='bbox 312 2213 354 2277; x_wconf 89' lang='lat' dir='ltr'><strong>dc</strong></span> <span class='ocrx_word' id='word_1_124' title='bbox 370 2213 548 2292; x_wconf 77' lang='lat' dir='ltr'><strong>Leainon,</strong></span> <span class='ocrx_word' id='word_1_125' title='bbox 576 2212 741 2278; x_wconf 85' lang='lat' dir='ltr'><strong>facientes</strong></span> <span class='ocrx_word' id='word_1_126' title='bbox 765 2215 864 2279; x_wconf 86' lang='lat' dir='ltr'><strong>nobis</strong></span> <span class='ocrx_word' id='word_1_127' title='bbox 888 2214 1086 2298; x_wconf 78' lang='lat' dir='ltr'><strong>homagium</strong></span> <span class='ocrx_word' id='word_1_128' title='bbox 1108 2226 1144 2280; x_wconf 87' lang='lat' dir='ltr'><strong>et</strong></span> 
     </span>
     <span class='ocr_line' id='line_1_19' title="bbox 195 2312 1144 2395; baseline 0.004 -20"><span class='ocrx_word' id='word_1_129' title='bbox 195 2312 408 2377; x_wconf 86' lang='lat' dir='ltr'><strong>fidelitatem.</strong></span> <span class='ocrx_word' id='word_1_130' title='bbox 460 2313 507 2376; x_wconf 88' lang='lat' dir='ltr'><strong>Et</strong></span> <span class='ocrx_word' id='word_1_131' title='bbox 522 2313 605 2394; x_wconf 86' lang='lat' dir='ltr'><strong>quia</strong></span> <span class='ocrx_word' id='word_1_132' title='bbox 627 2314 723 2395; x_wconf 89' lang='lat' dir='ltr'><strong>prius</strong></span> <span class='ocrx_word' id='word_1_133' title='bbox 746 2321 934 2379; x_wconf 87' lang='lat' dir='ltr'><strong>tractatum</strong></span> <span class='ocrx_word' id='word_1_134' title='bbox 957 2323 1033 2379; x_wconf 88' lang='lat' dir='ltr'><strong>erat</strong></span> <span class='ocrx_word' id='word_1_135' title='bbox 1054 2315 1144 2379; x_wconf 86' lang='lat' dir='ltr'><strong>inter</strong></span> 
     </span>
     <span class='ocr_line' id='line_1_20' title="bbox 195 2411 1144 2478; baseline 0.003 -3"><span class='ocrx_word' id='word_1_136' title='bbox 195 2432 259 2475; x_wconf 91' lang='lat' dir='ltr'><strong>nos</strong></span> <span class='ocrx_word' id='word_1_137' title='bbox 282 2420 317 2476; x_wconf 90' lang='lat' dir='ltr'><strong>et</strong></span> <span class='ocrx_word' id='word_1_138' title='bbox 333 2413 494 2476; x_wconf 84' lang='lat' dir='ltr'><strong>comitem</strong></span> <span class='ocrx_word' id='word_1_139' title='bbox 512 2411 681 2475; x_wconf 86' lang='lat' dir='ltr'><strong>Marchiae</strong></span> <span class='ocrx_word' id='word_1_140' title='bbox 701 2412 744 2475; x_wconf 90' lang='lat' dir='ltr'><strong>de</strong></span> <span class='ocrx_word' id='word_1_141' title='bbox 760 2413 832 2476; x_wconf 87' lang='lat' dir='ltr'><strong>filia</strong></span> <span class='ocrx_word' id='word_1_142' title='bbox 846 2420 966 2477; x_wconf 87' lang='lat' dir='ltr'><strong>nostra</strong></span> <span class='ocrx_word' id='word_1_143' title='bbox 978 2414 1002 2478; x_wconf 86' lang='lat' dir='ltr'>J</span> <span class='ocrx_word' id='word_1_144' title='bbox 1004 2412 1144 2478; x_wconf 90' lang='lat' dir='ltr'><strong>ohanna</strong></span> 
     </span>
     <span class='ocr_line' id='line_1_21' title="bbox 187 2510 1143 2588; baseline 0.002 -14"><span class='ocrx_word' id='word_1_145' title='bbox 187 2511 264 2576; x_wconf 88' lang='lat' dir='ltr'><strong>-iilio</strong></span> <span class='ocrx_word' id='word_1_146' title='bbox 292 2531 356 2574; x_wconf 87' lang='lat' dir='ltr'><strong>suo</strong></span> <span class='ocrx_word' id='word_1_147' title='bbox 384 2511 499 2575; x_wconf 86' lang='lat' dir='ltr'><strong>danda</strong></span> <span class='ocrx_word' id='word_1_148' title='bbox 525 2510 562 2573; x_wconf 93' lang='lat' dir='ltr'><strong>in</strong></span> <span class='ocrx_word' id='word_1_149' title='bbox 594 2530 750 2587; x_wconf 82' lang='lat' dir='ltr'><strong>uxorem,</strong></span> <span class='ocrx_word' id='word_1_150' title='bbox 776 2511 810 2574; x_wconf 95' lang='lat' dir='ltr'><strong>id</strong></span> <span class='ocrx_word' id='word_1_151' title='bbox 838 2512 870 2573; x_wconf 87' lang='lat' dir='ltr'><strong>ei</strong></span> <span class='ocrx_word' id='word_1_152' title='bbox 899 2513 1143 2588; x_wconf 88' lang='lat' dir='ltr'><strong>concessimus,</strong></span> 
     </span>
     <span class='ocr_line' id='line_1_22' title="bbox 192 2610 1143 2693; baseline -0.001 -19"><span class='ocrx_word' id='word_1_153' title='bbox 192 2611 272 2674; x_wconf 85' lang='lat' dir='ltr'><strong>licet</strong></span> <span class='ocrx_word' id='word_1_154' title='bbox 289 2630 350 2673; x_wconf 84' lang='lat' dir='ltr'><strong>rex</strong></span> <span class='ocrx_word' id='word_1_155' title='bbox 370 2611 582 2674; x_wconf 88' lang='lat' dir='ltr'><strong>Francorum</strong></span> <span class='ocrx_word' id='word_1_156' title='bbox 596 2610 728 2673; x_wconf 83' lang='lat' dir='ltr'><strong>eumad</strong></span> <span class='ocrx_word' id='word_1_157' title='bbox 747 2629 834 2691; x_wconf 91' lang='lat' dir='ltr'><strong>opus</strong></span> <span class='ocrx_word' id='word_1_158' title='bbox 850 2610 913 2673; x_wconf 83' lang='lat' dir='ltr'><strong>filii</strong></span> <span class='ocrx_word' id='word_1_159' title='bbox 928 2611 983 2673; x_wconf 93' lang='lat' dir='ltr'><strong>sui</strong></span> <span class='ocrx_word' id='word_1_160' title='bbox 998 2618 1143 2693; x_wconf 89' lang='lat' dir='ltr'><strong>peteret,</strong></span> 
     </span>
     <span class='ocr_line' id='line_1_23' title="bbox 192 2709 1143 2791; baseline 0 -18"><span class='ocrx_word' id='word_1_161' title='bbox 192 2709 253 2774; x_wconf 90' lang='lat' dir='ltr'><strong>sed</strong></span> <span class='ocrx_word' id='word_1_162' title='bbox 281 2709 539 2788; x_wconf 80' lang='lat' dir='ltr'><strong>fraudulenter3</strong></span> <span class='ocrx_word' id='word_1_163' title='bbox 571 2728 738 2772; x_wconf 86' lang='lat' dir='ltr'><strong>memores</strong></span> <span class='ocrx_word' id='word_1_164' title='bbox 761 2709 852 2772; x_wconf 91' lang='lat' dir='ltr'><strong>enim</strong></span> <span class='ocrx_word' id='word_1_165' title='bbox 877 2709 1004 2771; x_wconf 78' lang='lat' dir='ltr'><strong>inimus</strong></span> <span class='ocrx_word' id='word_1_166' title='bbox 1029 2710 1143 2791; x_wconf 89' lang='lat' dir='ltr'><strong>neptis</strong></span> 
     </span>
     <span class='ocr_line' id='line_1_24' title="bbox 183 2807 1143 2888; baseline -0.001 -16"><span class='ocrx_word' id='word_1_167' title='bbox 183 2817 333 2885; x_wconf 84' lang='lat' dir='ltr'><strong>nostrae,</strong></span> <span class='ocrx_word' id='word_1_168' title='bbox 369 2808 543 2873; x_wconf 85' lang='lat' dir='ltr'><strong>Lodovico</strong></span> <span class='ocrx_word' id='word_1_169' title='bbox 573 2807 645 2871; x_wconf 92' lang='lat' dir='ltr'><strong>filio</strong></span> <span class='ocrx_word' id='word_1_170' title='bbox 672 2808 764 2888; x_wconf 84' lang='lat' dir='ltr'><strong>regis</strong></span> <span class='ocrx_word' id='word_1_171' title='bbox 792 2808 949 2871; x_wconf 86' lang='lat' dir='ltr'><strong>Franciae</strong></span> <span class='ocrx_word' id='word_1_172' title='bbox 976 2808 1079 2884; x_wconf 86' lang='lat' dir='ltr'><strong>datae,</strong></span> <span class='ocrx_word' id='word_1_173' title='bbox 1108 2816 1143 2871; x_wconf 91' lang='lat' dir='ltr'><strong>et</strong></span> 
     </span>
     <span class='ocr_line' id='line_1_25' title="bbox 192 2906 1143 2985; baseline 0 -15"><span class='ocrx_word' id='word_1_174' title='bbox 192 2908 285 2971; x_wconf 92' lang='lat' dir='ltr'><strong>illins</strong></span> <span class='ocrx_word' id='word_1_175' title='bbox 313 2909 363 2972; x_wconf 88' lang='lat' dir='ltr'><strong>rei</strong></span> <span class='ocrx_word' id='word_1_176' title='bbox 387 2915 551 2985; x_wconf 82' lang='lat' dir='ltr'><strong>eventus3</strong></span> <span class='ocrx_word' id='word_1_177' title='bbox 582 2907 642 2970; x_wconf 90' lang='lat' dir='ltr'><strong>sed</strong></span> <span class='ocrx_word' id='word_1_178' title='bbox 672 2907 805 2970; x_wconf 90' lang='lat' dir='ltr'><strong>utinam</strong></span> <span class='ocrx_word' id='word_1_179' title='bbox 832 2907 891 2971; x_wconf 88' lang='lat' dir='ltr'><strong>det</strong></span> <span class='ocrx_word' id='word_1_180' title='bbox 919 2906 1017 2971; x_wconf 90' lang='lat' dir='ltr'><strong>nobis</strong></span> <span class='ocrx_word' id='word_1_181' title='bbox 1046 2908 1143 2971; x_wconf 89' lang='lat' dir='ltr'><strong>Deus</strong></span> 
     </span>
     <span class='ocr_line' id='line_1_26' title="bbox 193 3006 1142 3091; baseline 0 -20"><span class='ocrx_word' id='word_1_182' title='bbox 193 3007 358 3091; x_wconf 88' lang='lat' dir='ltr'><strong>majorem</strong></span> <span class='ocrx_word' id='word_1_183' title='bbox 380 3007 423 3070; x_wconf 91' lang='lat' dir='ltr'><strong>de</strong></span> <span class='ocrx_word' id='word_1_184' title='bbox 445 3006 510 3071; x_wconf 91' lang='lat' dir='ltr'><strong>hoc</strong></span> <span class='ocrx_word' id='word_1_185' title='bbox 535 3006 718 3087; x_wconf 82' lang='lat' dir='ltr'><strong>maritagio</strong></span> <span class='ocrx_word' id='word_1_186' title='bbox 740 3012 960 3089; x_wconf 90' lang='lat' dir='ltr'><strong>proventum,</strong></span> <span class='ocrx_word' id='word_1_187' title='bbox 977 3026 1082 3089; x_wconf 88' lang='lat' dir='ltr'><strong>qnam</strong></span> <span class='ocrx_word' id='word_1_188' title='bbox 1100 3007 1142 3071; x_wconf 90' lang='lat' dir='ltr'><strong>de</strong></span> 
     </span>
     <span class='ocr_line' id='line_1_27' title="bbox 192 3104 1143 3187; baseline 0.001 -19"><span class='ocrx_word' id='word_1_189' title='bbox 192 3106 252 3170; x_wconf 92' lang='lat' dir='ltr'><strong>illo</strong></span> <span class='ocrx_word' id='word_1_190' title='bbox 275 3106 404 3169; x_wconf 82' lang='lat' dir='ltr'><strong>inimus</strong></span> <span class='ocrx_word' id='word_1_191' title='bbox 426 3104 621 3169; x_wconf 86' lang='lat' dir='ltr'><strong>consecuti!</strong></span> <span class='ocrx_word' id='word_1_192' title='bbox 675 3104 780 3170; x_wconf 89' lang='lat' dir='ltr'><strong>Nunc</strong></span> <span class='ocrx_word' id='word_1_193' title='bbox 802 3113 918 3169; x_wconf 89' lang='lat' dir='ltr'><strong>autem</strong></span> <span class='ocrx_word' id='word_1_194' title='bbox 935 3107 1050 3187; x_wconf 86' lang='lat' dir='ltr'><strong>gratia</strong></span> <span class='ocrx_word' id='word_1_195' title='bbox 1076 3106 1143 3170; x_wconf 91' lang='lat' dir='ltr'><strong>Dei</strong></span> 
     </span>
     <span class='ocr_line' id='line_1_28' title="bbox 192 3204 1142 3286; baseline 0 -17"><span class='ocrx_word' id='word_1_196' title='bbox 192 3206 275 3270; x_wconf 87' lang='lat' dir='ltr'><strong>data</strong></span> <span class='ocrx_word' id='word_1_197' title='bbox 296 3213 349 3270; x_wconf 91' lang='lat' dir='ltr'><strong>est</strong></span> <span class='ocrx_word' id='word_1_198' title='bbox 365 3206 464 3270; x_wconf 90' lang='lat' dir='ltr'><strong>nobis</strong></span> <span class='ocrx_word' id='word_1_199' title='bbox 485 3204 740 3286; x_wconf 87' lang='lat' dir='ltr'><strong>opportunitas,</strong></span> <span class='ocrx_word' id='word_1_200' title='bbox 761 3213 801 3268; x_wconf 91' lang='lat' dir='ltr'><strong>ut</strong></span> <span class='ocrx_word' id='word_1_201' title='bbox 823 3212 925 3269; x_wconf 84' lang='lat' dir='ltr'><strong>extra</strong></span> <span class='ocrx_word' id='word_1_202' title='bbox 947 3205 1142 3270; x_wconf 86' lang='lat' dir='ltr'><strong>Pictaviam</strong></span> 
     </span>
     <span class='ocr_line' id='line_1_29' title="bbox 192 3304 1142 3386; baseline 0 -18"><span class='ocrx_word' id='word_1_203' title='bbox 192 3305 437 3386; x_wconf 86' lang='lat' dir='ltr'><strong>incapitalem</strong></span> <span class='ocrx_word' id='word_1_204' title='bbox 465 3304 639 3368; x_wconf 91' lang='lat' dir='ltr'><strong>inimicum</strong></span> <span class='ocrx_word' id='word_1_205' title='bbox 666 3310 821 3367; x_wconf 91' lang='lat' dir='ltr'><strong>nostrum</strong></span> <span class='ocrx_word' id='word_1_206' title='bbox 848 3324 964 3385; x_wconf 84' lang='lat' dir='ltr'><strong>regem</strong></span> <span class='ocrx_word' id='word_1_207' title='bbox 989 3306 1142 3369; x_wconf 91' lang='lat' dir='ltr'><strong>Franco·</strong></span> 
     </span>
     <span class='ocr_line' id='line_1_30' title="bbox 193 3391 1143 3483; baseline -0.001 -16"><span class='ocrx_word' id='word_1_208' title='bbox 193 3424 268 3467; x_wconf 87' lang='lat' dir='ltr'><strong>rum</strong></span> <span class='ocrx_word' id='word_1_209' title='bbox 296 3406 528 3483; x_wconf 84' lang='lat' dir='ltr'><strong>insurgamus.</strong></span> <span class='ocrx_word' id='word_1_210' title='bbox 580 3403 627 3467; x_wconf 90' lang='lat' dir='ltr'><strong>Et</strong></span> <span class='ocrx_word' id='word_1_211' title='bbox 648 3391 723 3467; x_wconf 81' lang='lat' dir='ltr'><strong>haec</strong></span> <span class='ocrx_word' id='word_1_212' title='bbox 745 3403 843 3466; x_wconf 90' lang='lat' dir='ltr'><strong>vobis</strong></span> <span class='ocrx_word' id='word_1_213' title='bbox 865 3404 1079 3479; x_wconf 92' lang='lat' dir='ltr'><strong>mandamus,</strong></span> <span class='ocrx_word' id='word_1_214' title='bbox 1103 3411 1143 3466; x_wconf 88' lang='lat' dir='ltr'><strong>ut</strong></span> 
     </span>
     <span class='ocr_line' id='line_1_31' title="bbox 191 3502 1142 3584; baseline -0.001 -17"><span class='ocrx_word' id='word_1_215' title='bbox 191 3503 234 3566; x_wconf 93' lang='lat' dir='ltr'><strong>de</strong></span> <span class='ocrx_word' id='word_1_216' title='bbox 258 3504 473 3567; x_wconf 88' lang='lat' dir='ltr'><strong>successibus</strong></span> <span class='ocrx_word' id='word_1_217' title='bbox 496 3502 623 3565; x_wconf 89' lang='lat' dir='ltr'><strong>nostris</strong></span> <span class='ocrx_word' id='word_1_218' title='bbox 649 3502 854 3584; x_wconf 79' lang='lat' dir='ltr'><strong>gaudeatis3</strong></span> <span class='ocrx_word' id='word_1_219' title='bbox 878 3508 967 3565; x_wconf 87' lang='lat' dir='ltr'><strong>teste</strong></span> <span class='ocrx_word' id='word_1_220' title='bbox 991 3521 1046 3564; x_wconf 90' lang='lat' dir='ltr'><strong>me</strong></span> <span class='ocrx_word' id='word_1_221' title='bbox 1065 3502 1142 3583; x_wconf 91' lang='lat' dir='ltr'><strong>ipso</strong></span> 
     </span>
     <span class='ocr_line' id='line_1_32' title="bbox 192 3599 1142 3684; baseline -0.003 -19"><span class='ocrx_word' id='word_1_222' title='bbox 192 3603 283 3684; x_wconf 92' lang='lat' dir='ltr'><strong>apud</strong></span> <span class='ocrx_word' id='word_1_223' title='bbox 301 3601 503 3678; x_wconf 88' lang='lat' dir='ltr'><strong>Parthenai,</strong></span> <span class='ocrx_word' id='word_1_224' title='bbox 522 3620 612 3664; x_wconf 92' lang='lat' dir='ltr'><strong>anno</strong></span> <span class='ocrx_word' id='word_1_225' title='bbox 630 3601 726 3682; x_wconf 79' lang='lat' dir='ltr'><strong>regni</strong></span> <span class='ocrx_word' id='word_1_226' title='bbox 745 3600 853 3664; x_wconf 88' lang='lat' dir='ltr'><strong>nostri</strong></span> <span class='ocrx_word' id='word_1_227' title='bbox 866 3599 999 3664; x_wconf 88' lang='lat' dir='ltr'><strong>decimo</strong></span> <span class='ocrx_word' id='word_1_228' title='bbox 1017 3600 1142 3663; x_wconf 68' lang='lat' dir='ltr'><strong>sexto!</strong></span> 
     </span>
     <span class='ocr_line' id='line_1_33' title="bbox 192 3698 1142 3783; baseline -0.003 -19"><span class='ocrx_word' id='word_1_229' title='bbox 192 3701 321 3766; x_wconf 89' lang='lat' dir='ltr'><strong>Eodem</strong></span> <span class='ocrx_word' id='word_1_230' title='bbox 335 3708 488 3783; x_wconf 89' lang='lat' dir='ltr'><strong>tempore</strong></span> <span class='ocrx_word' id='word_1_231' title='bbox 508 3700 593 3763; x_wconf 88' lang='lat' dir='ltr'><strong>obiit</strong></span> <span class='ocrx_word' id='word_1_232' title='bbox 611 3699 802 3776; x_wconf 87' lang='lat' dir='ltr'><strong>Gilbertns,</strong></span> <span class='ocrx_word' id='word_1_233' title='bbox 821 3698 995 3764; x_wconf 86' lang='lat' dir='ltr'><strong>Rollensis</strong></span> <span class='ocrx_word' id='word_1_234' title='bbox 1009 3698 1142 3780; x_wconf 91' lang='lat' dir='ltr'><strong>episco-</strong></span> 
     </span>
     <span class='ocr_line' id='line_1_34' title="bbox 191 3797 705 3882; baseline -0.006 -19"><span class='ocrx_word' id='word_1_235' title='bbox 191 3820 268 3882; x_wconf 92' lang='lat' dir='ltr'><strong>pus,</strong></span> <span class='ocrx_word' id='word_1_236' title='bbox 284 3809 408 3865; x_wconf 90' lang='lat' dir='ltr'><strong>octavo</strong></span> <span class='ocrx_word' id='word_1_237' title='bbox 425 3800 594 3865; x_wconf 88' lang='lat' dir='ltr'><strong>kalendas</strong></span> <span class='ocrx_word' id='word_1_238' title='bbox 608 3797 631 3863; x_wconf 83' lang='lat' dir='ltr'>J</span> <span class='ocrx_word' id='word_1_239' title='bbox 636 3798 705 3861; x_wconf 88' lang='lat' dir='ltr'><strong>ulii.</strong></span> 
     </span>
    </p>
   </div>
   <div class='ocr_carea' id='block_1_3' title="bbox 212 3973 1117 4060">
    <p class='ocr_par' dir='ltr' id='par_1_3' title="bbox 212 3973 1117 4060">
     <span class='ocr_line' id='line_1_35' title="bbox 212 3973 1117 4060; baseline -0.003 -21"><span class='ocrx_word' id='word_1_240' title='bbox 212 3975 356 4060; x_wconf 75' lang='lat' dir='ltr'><strong>Epistola</strong></span> <span class='ocrx_word' id='word_1_241' title='bbox 373 3975 548 4040; x_wconf 72' lang='lat' dir='ltr'><strong>Iteuoccotii</strong></span> <span class='ocrx_word' id='word_1_242' title='bbox 557 3994 653 4058; x_wconf 71' lang='lat' dir='ltr'><strong>papa</strong></span> <span class='ocrx_word' id='word_1_243' title='bbox 662 3996 725 4058; x_wconf 85' lang='lat' dir='ltr'><strong>pro</strong></span> <span class='ocrx_word' id='word_1_244' title='bbox 741 3974 932 4038; x_wconf 76' lang='lat' dir='ltr'><strong>relocatione</strong></span> <span class='ocrx_word' id='word_1_245' title='bbox 947 3973 1117 4037; x_wconf 73' lang='lat' dir='ltr'><strong>interdicti.</strong></span> 
     </span>
    </p>
   </div>
   <div class='ocr_carea' id='block_1_4' title="bbox 260 4097 1284 4205">
    <p class='ocr_par' dir='ltr' id='par_1_4' title="bbox 260 4097 1284 4205">
     <span class='ocr_line' id='line_1_36' title="bbox 260 4097 1284 4205; baseline -0.01 -42"><span class='ocrx_word' id='word_1_246' title='bbox 260 4099 364 4163; x_wconf 86' lang='lat' dir='ltr'><strong>Circa</strong></span> <span class='ocrx_word' id='word_1_247' title='bbox 396 4101 469 4162; x_wconf 90' lang='lat' dir='ltr'><strong>dies</strong></span> <span class='ocrx_word' id='word_1_248' title='bbox 499 4100 586 4162; x_wconf 90' lang='lat' dir='ltr'><strong>istos</strong></span> <span class='ocrx_word' id='word_1_249' title='bbox 612 4115 704 4179; x_wconf 85' lang='lat' dir='ltr'><strong>papa</strong></span> <span class='ocrx_word' id='word_1_250' title='bbox 728 4097 953 4161; x_wconf 88' lang='lat' dir='ltr'><strong>Innocentius</strong></span> <span class='ocrx_word' id='word_1_251' title='bbox 984 4097 1284 4205; x_wconf 57' lang='lat' dir='ltr'><strong>Ni⁰⁰¹³⁰2ssfflgssf¹¹⁰</strong></span> 
     </span>
    </p>
   </div>
   <div class='ocr_carea' id='block_1_5' title="bbox 192 4197 1144 4281">
    <p class='ocr_par' dir='ltr' id='par_1_5' title="bbox 192 4197 1144 4281">
     <span class='ocr_line' id='line_1_37' title="bbox 192 4197 1144 4281; baseline -0.001 -19"><span class='ocrx_word' id='word_1_252' title='bbox 192 4198 471 4263; x_wconf 85' lang='lat' dir='ltr'><strong>Thusculauensi</strong></span> <span class='ocrx_word' id='word_1_253' title='bbox 506 4199 680 4281; x_wconf 88' lang='lat' dir='ltr'><strong>episcopo,</strong></span> <span class='ocrx_word' id='word_1_254' title='bbox 713 4217 775 4280; x_wconf 93' lang='lat' dir='ltr'><strong>pro</strong></span> <span class='ocrx_word' id='word_1_255' title='bbox 802 4197 1016 4261; x_wconf 85' lang='lat' dir='ltr'><strong>relaxatione</strong></span> <span class='ocrx_word' id='word_1_256' title='bbox 1041 4198 1144 4261; x_wconf 83' lang='lat' dir='ltr'><strong>inter-</strong></span> 
     </span>
    </p>
   </div>
   <div class='ocr_carea' id='block_1_6' title="bbox 0 0 1490 5016">
    <p class='ocr_par' dir='ltr' id='par_1_6' title="bbox 0 0 1490 5016">
     <span class='ocr_line' id='line_1_38' title="bbox 0 0 1490 5016; baseline 0 0"><span class='ocrx_word' id='word_1_257' title='bbox 0 0 1490 5016; x_wconf 95' lang='lat' dir='ltr'><strong> </strong></span> 
     </span>
    </p>
   </div>
  </div>
 </body>
</html>
