2970 5016
451 497 589 545 neonus
616 496 885 546 nts'ronmuun.
1076 486 1142 549 325

189 653 414 735 injungendo,
431 662 469 717 ut
484 673 545 735 per
563 655 746 718 manifesta
761 655 955 719 devotionis
977 664 1011 720 et
1028 656 1139 719 humi·
1153 672 1179 711 A
1183 671 1208 710 ι)
1220 672 1275 759 [21⁵

193 752 302 815 litatis
329 752 492 815 indicia
482 773 595 834 ipsum
623 772 738 833 regem
768 756 833 817 sibi
859 756 997 836 placare
1022 755 1139 818 stude·
1125 721 1275 858 -οῑιιτιὲθᾱδ

190 858 278 926 rent,
297 870 338 913 ac
356 850 534 927 deinde,
506 871 536 914 sr
553 852 635 932 quid
654 854 697 915 ab
714 872 756 915 eo
773 853 938 917 ducerent
961 855 1138 935 postulan·
1152 830 1257 921 ῗῖἷῗῖψε-
1275 829 1288 867 ,

191 950 284 1026 dum,
309 969 377 1012 non
402 951 590 1013 insolenter
616 951 676 1013 sed
701 950 875 1015 humiliter
901 952 1139 1034 implorarent,

190 1049 341 1129 regalem
364 1056 609 1112 conservantes
631 1050 663 1111 ei
686 1048 862 1126 bonorem,
885 1058 919 1114 et
935 1051 1139 1116 exhibentes

190 1148 332 1211 servitia
348 1155 526 1222 consueta,
550 1167 628 1228 quae
651 1148 717 1229 ipsi
739 1157 774 1211 et
788 1150 1058 1230 praedecessores
1080 1171 1138 1215 co·

191 1266 266 1308 rum
299 1248 365 1310 sibi
392 1255 427 1310 et
452 1245 762 1328 praedecessoribus
789 1249 862 1311 suis
886 1249 1138 1329 impenderunt,

191 1364 267 1407 curn
296 1347 340 1408 ab
372 1346 422 1408 eis
446 1346 521 1426 ipse
546 1364 607 1407 rex
637 1364 705 1408 non
732 1346 833 1409 debet
854 1349 985 1429 absque
1005 1349 1138 1430 jndicio

191 1444 344 1524 spoliari,
359 1452 398 1506 ut
415 1445 476 1519 sic,
492 1443 583 1526 quod
598 1443 825 1520 intenderent,
844 1456 986 1527 possent
1002 1446 1137 1510 facilius

192 1543 356 1605 obtinere.
411 1542 486 1605 Nos
514 1543 604 1606 enim
631 1543 777 1605 eundem
802 1563 916 1625 regem
941 1564 1003 1626 per
1018 1544 1137 1608 literas

177 1650 327 1721 ,nostras
342 1641 540 1722 rogavimus
564 1650 599 1705 et
615 1643 820 1718 monuimus,
840 1650 874 1706 et
891 1663 952 1725 per
974 1639 1138 1725 praefatos

192 1739 485 1821 archiepiscopum
513 1751 548 1804 et
573 1741 754 1822 episcopos
780 1741 1000 1804 nibilominus
1021 1744 1137 1823 rogari

191 1847 225 1901 et
239 1841 369 1901 moueri
386 1839 636 1914 mandavimus,
651 1840 686 1902 in
711 1840 943 1903 remissionem
969 1842 1034 1903 sibi
1057 1861 1136 1922 pec·

190 1938 360 1999 caminum
387 1938 619 2020 injungentes,
644 1946 816 2019 quatenns
840 1938 1024 2020 praedictos
1039 1959 1136 2021 mag·

192 2043 290 2099 nates
315 2043 350 2098 et
374 2036 505 2099 nobiles
528 2037 676 2116 benigne
701 2043 866 2099 tractaret
892 2044 928 2099 et
944 2037 1061 2120 justas
1083 2058 1140 2101 eo-

192 2155 266 2196 rum
293 2135 478 2216 petitiones
501 2135 688 2198 clementer
711 2134 921 2210 admitteret,
946 2144 985 2198 ut
1011 2144 1047 2199 et
1070 2138 1137 2217 ipsi

191 2234 440 2313 congaudendo
460 2241 708 2313 cognoscerent
724 2253 801 2296 eum
819 2235 855 2297 in
870 2234 1043 2298 meliorem
1069 2244 1138 2299 sta-

191 2341 264 2395 tum
282 2331 398 2394 divina
415 2333 529 2413 gratia
547 2351 622 2395 esse
639 2340 823 2408 mutatum,
840 2352 881 2395 ac
905 2352 966 2414 per
988 2332 1053 2397 boc
1071 2334 1137 2415 ipsi

191 2439 226 2493 et
245 2430 396 2494 haeredes
407 2451 524 2493 eorum
542 2431 606 2493 sibi
623 2437 658 2493 et
672 2430 866 2493 haeredibus
882 2432 953 2492 suis
975 2431 1139 2495 deberent

192 2530 385 2611 promptius
405 2538 440 2593 et
456 2529 615 2592 devotius
632 2528 805 2604 familiari,
829 2528 932 2610 plena
957 2530 1007 2590 eis
1030 2530 1064 2590 in
1080 2549 1139 2592 ve·

192 2628 329 2705 nicndo,
362 2628 527 2692 morando
556 2636 591 2690 ct
618 2627 806 2690 recedendo
837 2626 1022 2689 securitate
1056 2647 1138 2690 con·

192 2746 302 2803 cessa,
324 2727 374 2789 ita
395 2728 500 2808 quod,
518 2728 548 2788 si
571 2725 660 2790 forte
683 2726 840 2807 nequiret
864 2726 954 2787 inter
979 2744 1038 2788 eos
1058 2745 1140 2789 con-

192 2826 308 2888 cordia
326 2827 516 2908 provenire,
535 2826 569 2886 in
597 2825 693 2887 curia
713 2842 777 2886 sua
799 2844 860 2906 per
882 2831 997 2905 partes
1021 2842 1139 2887 eornm

193 2924 378 2986 secundum
404 2924 499 3005 leges
524 2932 559 2987 et
580 2922 846 2987 consuetudines
871 2923 969 3003 regni
996 2923 1140 2986 suborta

191 3022 357 3085 dissensio
373 3024 557 3104 sopiretur.
580 3022 725 3097 Verum,
735 3029 921 3103 antequam
934 3021 1046 3084 nuntii
1060 3041 1139 3084 curn

193 3121 256 3184 hoc
278 3121 422 3202 provido
440 3128 475 3183 et
487 3120 584 3203 justo
605 3120 769 3184 mandato
788 3119 980 3195 rediissent,
1002 3120 1064 3197 illi,
1081 3119 1140 3203 ju-

193 3227 347 3282 ramento
371 3220 547 3282 fidelitatis
573 3220 711 3281 omnino
738 3226 948 3300 contempto,
971 3237 1047 3280 cum
1073 3219 1139 3281 etsi

192 3339 252 3380 rex
273 3337 332 3381 eos
349 3319 478 3400 injuste
495 3326 687 3398 gravasset,
702 3317 769 3398 ipsi
786 3324 901 3379 tamen
920 3336 988 3378 non
1001 3316 1139 3379 debuis-

193 3425 271 3479 sent
286 3418 335 3480 sic
356 3436 460 3496 agere
476 3424 596 3479 contra
616 3436 706 3490 cum,
730 3416 816 3477 utin
833 3432 939 3478 causa
955 3432 1020 3477 sua
1036 3412 1139 3476 iidem

186 3515 323 3597 judiees
339 3522 374 3577 et
390 3523 609 3578 exsecutores
632 3514 833 3588 existerent,
851 3511 993 3574 vassalli
1019 3519 1140 3575 contra

193 3614 368 3676 dominum
392 3622 427 3676 et
454 3613 581 3676 milites
612 3620 733 3676 contra
758 3629 874 3691 regem
901 3609 1037 3691 publice
1059 3628 1141 3672 con-

188 3712 360 3794 jurantes,
383 3732 452 3774 non
477 3712 589 3775 solum
613 3729 689 3774 cum
709 3709 785 3772 aliis
803 3708 862 3771 sed
881 3727 959 3770 cum
976 3708 1051 3790 ejus
1067 3727 1140 3770 ma·

193 3810 424 3873 nisestissimis
445 3810 590 3872 inimicis
610 3813 904 3890 praesumpserunt
922 3813 1043 3869 contra
1062 3825 1140 3868 eum

192 3928 289 3972 arma
314 3929 463 3983 movere,
491 3915 700 3988 occupantes
727 3914 762 3969 ct
784 3906 1006 3968 devastantes
1030 3911 1141 3967 terras

191 4008 296 4085 illius,
319 4009 370 4070 ita
397 4027 534 4089 quoque
554 4005 646 4088 quod
668 4006 844 4068 civitatem
873 4002 1141 4078 Londoniarum,

192 4126 271 4187 quae
286 4106 386 4169 sedes
402 4113 455 4169 est
470 4105 579 4183 regni,
598 4103 791 4185 proditione
814 4102 879 4164 sibi
903 4101 1066 4164 traditam
1088 4100 1140 4162 in-

192 4213 364 4293 vaserunt.
419 4204 561 4269 Interim
577 4212 692 4266 autem
708 4200 862 4283 praesatis
884 4199 1013 4265 nuntiis
1025 4217 1142 4264 rever·
