2970 5016
455 477 593 526 rnonns
616 477 883 529 rrrsronrsuun.
1098 464 1142 529 81

191 648 296 711 opum
310 629 473 695 decorata
484 653 524 697 uc
537 633 773 715 multipliciter
785 627 979 698 'adornata
1007 635 1140 699 Audito
1153 653 1207 694 an.
1219 654 1275 693 rar.

192 735 308 791 autem
339 730 490 794 adventu
521 732 625 813 regis,
657 733 789 796 nobiles
819 734 950 814 pariter
979 741 1015 799 et
1044 735 1140 815 igno·

193 827 278 890 biles
299 829 372 909 regi
392 830 543 893 venienti
565 850 643 893 cum
666 830 796 912 ingenti
820 831 1000 896 alacritate
1023 852 1140 897 occur-

192 933 285 1002 runt,
294 946 432 991 cernere
447 928 630 1009 plurimum
645 929 823 1010 cupientes
835 931 1070 1012 acuptivitatc
1088 952 1141 995 rc·

193 1043 362 1103 gressum,
384 1046 487 1107 quem
508 1046 686 1109 nunquam
709 1029 894 1092 timuerant
909 1048 1138 1093 reversurum.

195 1117 310 1203 Rege²
333 1143 416 1187 vero
438 1125 498 1189 vix
525 1145 587 1207 per
608 1124 697 1188 diem
723 1145 831 1189 unum
852 1127 945 1208 apud
967 1127 1144 1191 Westmo·

195 1222 382 1286 nasterium
415 1218 660 1299 commorante,
693 1224 736 1287 ad
772 1232 930 1288 sanctum
967 1225 1141 1290 Eadmun·

194 1319 276 1382 dum
299 1322 414 1402 gratia
432 1308 599 1385 orationis
624 1322 864 1404 progreditur;
887 1323 1033 1406 indeque
1048 1318 1143 1388 ³No·

195 1417 369 1498 tingeham
392 1421 593 1503 properavit
619 1422 824 1484 obsessurus
855 1440 914 1484 eos
944 1429 980 1485 et
1006 1440 1140 1504 expug-

196 1525 353 1595 naturus,
380 1519 440 1599 qui
467 1527 590 1584 contra
623 1538 702 1583 eum
730 1518 1013 1600 conspiraverant
1037 1527 1073 1584 ct
1103 1540 1141 1583 se

195 1614 348 1679 Jobanni
363 1617 480 1680 comiti
497 1617 748 1699 obligaverant.
800 1617 985 1681 Exercitus
1000 1616 1140 1699 Angliae

196 1715 311 1778 omnia
327 1714 486 1778 nimirum
508 1716 654 1780 castella
674 1715 811 1797 praefati
833 1716 968 1780 comitis
987 1715 1063 1799 jam
1085 1734 1141 1781 ce-

195 1821 305 1893 perat,
326 1814 395 1877 isto
417 1833 455 1877 so
478 1814 554 1878 solo
574 1821 712 1878 tenente
732 1820 768 1878 et
784 1813 897 1878 adbuc
916 1814 1060 1878 viriliter
1080 1814 1144 1878 do·

195 1911 375 1992 fendente;
401 1911 462 1975 sed
485 1931 566 1994 rege
586 1912 765 1976 castellum
787 1913 964 1976 obsidente
986 1920 1022 1978 et
1036 1914 1144 1977 semel

196 2010 383 2087 assiliente,
406 2016 446 2074 ut
465 2011 594 2075 certius
615 2018 852 2093 cognoverunt
874 2012 1006 2075 obsessi
1027 2012 1143 2093 inspa-

195 2115 308 2171 ratum
331 2108 424 2191 regis
447 2110 646 2187 adventum,
662 2109 842 2175 castellum
859 2110 890 2173 ei
906 2110 1141 2186 reddiderunt,

196 2207 328 2289 seipsos
353 2226 431 2271 cum
456 2208 529 2272 suis
555 2208 591 2272 in
617 2208 798 2272 voluntate
821 2209 913 2289 regis
936 2218 972 2274 et
998 2209 1143 2273 misera'·

196 2305 290 2370 tione
321 2313 502 2388 ponentes,
534 2326 681 2389 quorum
712 2307 880 2389 quosdam
906 2308 941 2370 in
969 2326 1142 2371 carcerem

197 2405 356 2481 detrusit,
375 2405 543 2486 quosdam
566 2404 672 2487 digno
696 2406 808 2487 pretio
838 2405 993 2483 redemit,
1019 2407 1056 2476 iu
1081 2406 1144 2469 tali

198 2504 405 2567 necessitate
429 2503 530 2567 avide
561 2504 682 2568 sitiens
708 2504 890 2586 pecuniam
915 2504 1142 2584 singulorum.

199 2600 288 2664 Dnae
320 2601 458 2683 quidem
480 2601 654 2685 praecipue
681 2622 759 2665 eum
784 2621 898 2665 causae
925 2603 1146 2666 vehementer

199 2701 381 2781 urgebant,
404 2707 455 2776 ut,
481 2700 625 2777 scilicet,
643 2700 780 2763 obsides
800 2719 862 2781 pro
879 2718 917 2761 se
938 2699 1039 2762 datos
1059 2717 1143 2780 erga

199 2799 439 2880 imperatorem
460 2799 633 2875 liberaret,
656 2805 692 2863 et
708 2805 746 2861 ut
761 2797 951 2860 exercitum
966 2797 1143 2879 copiosum

198 2905 320 2960 contra
342 2917 456 2978 regern
475 2897 688 2961 Francorum
709 2897 827 2961 statim
844 2895 1063 2972 conduceret,
1085 2896 1144 2979 qui

199 3003 325 3059 terram
342 3014 441 3058 suam
458 2995 624 3059 incendiis
646 3004 682 3059 et
706 2996 836 3077 rapinis
856 2994 1007 3075 undique
1022 2994 1145 3057 devas-

201 3095 318 3172 tubat;
348 3101 571 3176 quapropter,
594 3094 624 3157 si
647 3094 783 3157 avidius
808 3110 913 3176 quam
935 3094 1067 3175 regiam
1086 3094 1147 3157 de-

201 3199 294 3257 ceret
309 3193 527 3276 majestatem
549 3192 707 3257 intanta
726 3192 931 3257 necessitate
954 3211 976 3256 a
998 3191 1148 3256 subditis

200 3292 379 3373 pecuniam
411 3292 629 3374 exquirebat,
658 3291 906 3372 ignoscendum
932 3291 1049 3372 potius
1071 3297 1151 3357 erat

201 3408 304 3470 quam
322 3389 521 3454 necessitati
537 3388 642 3471 regiae
657 3389 906 3471 derogandum.

236 3587 406 3653 'AdmotuJ
435 3589 585 3653 Newburgh
602 3604 662 3651 says
688 3594 735 3649 set,
751 3603 798 3638 nec
814 3593 840 3636 ts
857 3586 907 3636 nisi
926 3586 974 3637 sub
993 3585 1150 3637 intoleranda

200 3659 256 3709 that
276 3660 319 3709 the
339 3659 464 3710 Germana
485 3659 544 3708 who
564 3673 661 3708 accom-
687 3658 866 3719 redemptionis
892 3669 991 3704 summa
1018 3655 1151 3705 demitten-

200 3728 294 3791 punied
315 3728 367 3776 him
385 3744 453 3778 were
471 3742 499 3778 uo
517 3727 662 3777 astonishsd
688 3728 748 3776 dum
759 3725 875 3775 duxisset
881 3720 896 3786 ;'
913 3726 948 3774 ir.
959 3722 972 3790 §
983 3727 1025 3775 42.

202 3803 229 3846 ut
250 3797 292 3846 the
314 3797 408 3846 wealth
427 3797 456 3847 oi
469 3797 512 3846 tho
531 3797 593 3858 city,
609 3796 664 3846 that
723 3789 833 3862 'Rege.]
846 3792 1140 3856 Goggeshrlsmolutu.

201 3867 262 3928 thoy
275 3866 426 3927 excluimed,
438 3867 560 3926 ‘lteram
576 3866 600 3913 si
616 3865 664 3914 bas
724 3861 922 3925 ’Nonagriam
929 3861 1071 3910 Wendover
1077 3860 1152 3908 omits

202 3950 263 3997 opes
270 3936 394 3997 Anglicus
405 3936 540 3997 imperator
546 3936 664 3996 praescire
690 3933 732 3982 the
744 3937 816 3994 great
830 3931 929 3981 council
941 3930 970 3979 oi
976 3930 1000 3978 N
1002 3929 1151 3989 ottiugham,

203 4006 338 4066 potuisset,
366 4005 487 4068 Angliam
514 4018 563 4054 nou
590 4004 665 4052 facile
692 4002 775 4050 which
787 4003 869 4063 began
880 4000 948 4048 tosit
960 4014 993 4049 on
1002 3998 1045 4047 the
1056 3997 1116 4046 izth
1127 3996 1156 4046 of

203 4089 278 4134 posse
291 4075 421 4125 exhauriri
437 4075 529 4136 opibus
545 4072 667 4123 credidis·
693 4070 799 4130 March;
817 4084 860 4119 seo
871 4068 1005 4129 Heroden,
1017 4082 1043 4129 p.
1053 4070 1113 4119 ⁷³6.

259 4320 338 4368 VOL.
354 4321 408 4367 111.
985 4317 1008 4362 G
