2970 5016
404 448 472 514 202
657 463 793 511 noo-nar
817 463 864 510 ur
887 461 1096 512 wranovrnr

244 636 299 676 nn.
311 638 366 676 noe
405 619 565 684 secrabili
579 619 716 701 liquore
734 618 935 701 supradicto
952 626 1149 697 torrentur;
1172 620 1361 684 torrefacta

244 687 362 776 md
404 738 487 783 vero
506 727 542 782 et
562 718 607 781 ad
631 718 778 782 invicem
804 718 1061 799 compaginata,
1084 718 1279 801 modoque
1303 739 1361 782 su-

404 818 569 900 periores,
601 818 713 880 tribus
741 816 880 879 laminis
908 816 1206 897 constringuntur,
1240 818 1360 899 sicque

404 916 581 980 redivivus
596 916 633 978 in
648 916 765 978 sedem
780 914 958 996 propriam
972 914 1143 980 violenter
1156 916 1359 980 retruditur.

675 1087 725 1151 De
739 1088 871 1173 quodem
881 1086 1081 1172 pluritatem.

456 1210 544 1275 Post
565 1210 708 1274 militem
731 1229 814 1274 vero
839 1210 1024 1274 adducitur
1048 1211 1084 1274 in
1106 1211 1256 1275 medium
1279 1213 1356 1295 qui-

404 1309 483 1372 dam
506 1310 622 1390 legum
645 1308 896 1372 mundanarum
919 1309 1161 1392 peritissimus,
1181 1329 1204 1373 a
1220 1328 1286 1373 sno
1301 1330 1357 1374 se·

403 1406 464 1470 dili
493 1426 571 1471 cum
594 1407 750 1472 cruciatu
778 1426 905 1489 magno
927 1408 1137 1485 abstractus,
1159 1409 1258 1490 quod
1289 1410 1355 1472 sibi

403 1525 466 1589 per·
498 1506 639 1588 longum
667 1513 803 1589 tempus
833 1506 925 1569 male
952 1507 1101 1570 vivendo
1126 1507 1356 1572 fabricaverat

404 1613 440 1668 et
452 1605 585 1688 judicia
605 1606 757 1687 acceptis
779 1606 979 1669 muneribus
1000 1606 1243 1670 subvertendo.
1282 1604 1354 1669 Hic

403 1711 518 1767 autem
544 1724 605 1786 per
624 1705 732 1768 totins
751 1703 892 1786 Angliae
915 1704 1001 1767 fines
1022 1705 1112 1768 inter
1132 1723 1284 1768 summos
1303 1704 1355 1767 sa·

403 1803 617 1867 mosissimus
646 1803 847 1878 habebatur,
870 1802 931 1865 sed
963 1822 1054 1866 anno
1076 1822 1146 1884 qno
1166 1802 1242 1865 haec
1266 1804 1354 1867 visio

403 1902 550 1983 contigit
587 1901 696 1964 vitam
741 1900 984 1965 miserabiliter
1021 1901 1232 1976 terminavit,
1271 1921 1352 1964 nam

402 2001 476 2063 sine
504 1999 597 2063 omni
626 2001 825 2064 testamenti
852 1999 1074 2063 exsecutione
1105 2000 1221 2063 subito
1253 2000 1353 2063 dece·

402 2099 496 2173 dens,
519 2098 564 2160 ab
586 2097 710 2161 alienis
733 2098 896 2180 quicquid
918 2097 1037 2180 rapaci
1057 2098 1213 2179 ingluvie
1232 2100 1352 2179 acqui-

401 2197 508 2264 sierat
531 2191 750 2260 ¹distractnm
780 2204 835 2259 est
859 2195 998 2278 penitus
1030 2204 1066 2260 et
1087 2203 1350 2278 consumptum

401 2294 445 2357 ad
470 2295 680 2357 scaccarium
705 2296 796 2357 enim
821 2295 914 2375 regis
941 2293 1089 2358 residere
1112 2304 1352 2372 consueverat,

400 2392 458 2455 ubi
482 2392 526 2454 ab
548 2400 696 2475 utraque
718 2393 929 2474 litigantium
951 2399 1051 2474 parto
1073 2393 1165 2457 dona
1186 2393 1349 2475 frequen·

398 2497 452 2553 ter
480 2499 672 2573 acceperat.
726 2491 796 2554 Hic
824 2510 973 2574 quoque,
999 2510 1076 2554 cum
1100 2492 1137 2554 in
1163 2491 1349 2556 ludibrium

398 2588 567 2654 theatrale
590 2609 705 2654 coram
727 2589 906 2673 spiritibus
928 2589 1086 2652 nefandis
1108 2588 1349 2669 adduceretur,

397 2687 645 2752 insultantibus
668 2688 776 2752 larvis
797 2695 939 2751 coactus
961 2695 1015 2752 est
1037 2696 1136 2752 actus
1158 2689 1240 2752 vitae
1262 2691 1349 2770 pris-

398 2787 479 2849 tinae
513 2787 706 2869 replicare,
745 2806 826 2850 nam
854 2787 957 2850 modo
979 2805 1001 2850 a
1026 2787 1172 2863 dextris,
1199 2786 1302 2851 modo
1327 2807 1349 2851 a

397 2884 546 2948 sinistris
576 2904 614 2948 se
641 2886 829 2960 divertens,
855 2885 934 2949 illos
959 2885 1002 2949 de
1028 2905 1135 2948 causa
1155 2905 1349 2967 proponen-

397 2983 453 3059 da,
475 2985 629 3065 istosque
651 2984 688 3045 in
708 2984 823 3048 causis
843 2984 1120 3048 contradictoriis
1142 2983 1348 3060 instruebat,

397 3100 459 3144 nec
489 3080 580 3143 iuter
604 3081 679 3145 haec
704 3101 828 3146 manus
850 3102 873 3146 a
895 3101 1036 3145 munere
1057 3082 1232 3158 cohibens,
1255 3102 1348 3146 nuno

396 3179 440 3241 ab
464 3177 542 3255 hiis,
568 3199 659 3243 nunc
682 3201 766 3245 vero
787 3182 832 3243 ab
854 3180 936 3259 illie,
958 3187 1136 3262 acceptum
1164 3181 1346 3262 pecuniam

395 3279 600 3342 numerabat
621 3286 905 3360 numeratamque
926 3279 963 3342 in
990 3278 1114 3341 loculis
1143 3279 1345 3360 reponebat.

396 3377 552 3459 Cumque
577 3377 707 3442 diutius
737 3378 913 3442 daemones
944 3377 1060 3441 miseri
1088 3377 1236 3440 hominis
1266 3397 1347 3458 ges-

394 3483 468 3540 tum
506 3476 714 3541 ludificando
751 3476 1028 3558 conspexissent,
1067 3476 1197 3541 nummi
1229 3478 1347 3542 subito
1448 3483 1451 3489 '

393 3575 489 3639 velut
509 3576 669 3639 ardentes
694 3575 806 3639 effecti
827 3575 989 3638 miserum
1014 3574 1258 3639 miserabiliter
1282 3596 1345 3640 ex·

393 3675 550 3750 urebant,
579 3693 667 3757 quos
695 3675 730 3737 in
763 3693 803 3738 os
836 3692 938 3737 sunm
971 3672 1132 3738 ardentes
1163 3675 1346 3758 projicere,

391 3779 496 3855 atque
522 3774 558 3837 in
587 3793 646 3837 ore
668 3781 824 3856 receptos
849 3772 1049 3855 compulsus
1076 3781 1130 3838 est
1151 3772 1344 3855 deglutire3

391 3872 515 3953 quibus
561 3873 745 3954 absorptis,
789 3879 1010 3936 accesserunt
1048 3870 1118 3936 duo
1166 3871 1342 3937 daemones

390 3991 468 4035 cum
498 3978 576 4036 rota
601 3971 748 4053 plaustri
776 3970 898 4047 ferrea,
924 3971 1076 4034 verubus
1107 3978 1143 4034 et
1170 3971 1281 4034 clavis
1307 3973 1344 4036 in

425 4143 432 4174 ¹
444 4145 598 4196 Distructum
608 4151 645 4195 ert
653 4147 752 4211 ponitur
763 4151 786 4196 et
797 4147 984 4212 consumptura]
1001 4147 1009 4175 ‘
1022 4146 1154 4198 Distracta
1165 4151 1225 4198 sunt
1240 4149 1344 4208 penitus

387 4221 412 4264 et
423 4215 583 4276 consumpta'
593 4217 619 4264 in
630 4217 687 4268 MS.
810 4245 814 4251 ,
