2970 5016
443 497 584 546 rnoaas
607 498 878 548 maronianus.
1080 483 1146 549 28³

191 651 271 715 dum
299 652 468 735 obligavit
493 655 645 738 seipsum
672 656 762 720 idem
789 676 851 720 rex
879 676 941 739 per
967 657 1144 739 proprium
1159 675 1283 715 anna

187 752 426 836 juramentum
453 760 489 817 et
511 773 573 836 per
600 755 719 820 literas
748 762 909 838 patentes
941 755 1057 837 sigillo
1082 775 1147 820 suo

193 852 356 928 munitas,
372 856 512 918 'necnon
533 873 596 936 per
621 854 877 939 fidejussionem
895 853 1148 920 wintoniensis

193 958 229 1014 et
249 950 485 1016 Norwicensis
508 953 759 1036 episcoporum,
776 953 972 1018 Cestrensis
996 964 1032 1017 et
1046 953 1147 1018 Win-

194 1051 361 1114 toniensis
391 1058 427 1115 et
451 1050 619 1117 Willelmi
647 1052 871 1117 Marescballi
897 1052 1073 1129 comitum,
1096 1053 1147 1117 ita

194 1149 287 1231 quod
312 1157 385 1214 tam
411 1149 565 1215 haeredes
590 1151 701 1233 ipsius
720 1153 813 1234 regis
837 1170 942 1234 quam
968 1170 1146 1215 successo·

194 1266 249 1311 res
272 1267 391 1312 eorum
409 1250 487 1331 pari
508 1249 719 1332 obligatione
732 1252 943 1316 tenebuntur
956 1251 1145 1314 constricti.

195 1345 371 1425 Quocirca
390 1367 451 1431 per
470 1349 663 1431 apostolica
680 1350 741 1414 tibi
763 1349 895 1431 scripta
917 1349 1149 1432 praecipiendo

195 1446 412 1524 mandamns,
451 1455 625 1530 quatenus
662 1447 850 1512 secundum
883 1449 1028 1513 formam
1057 1467 1148 1530 prae·

195 1545 361 1627 scriptam
385 1546 569 1629 procedere
591 1566 661 1611 non
681 1554 883 1630 postponas,
902 1548 970 1611 nisi
991 1547 1149 1610 demere

195 1650 231 1707 et
253 1644 363 1708 libera
383 1645 564 1710 voluntate
588 1655 706 1728 partes
733 1646 836 1711 aliter
863 1647 1026 1712 duxerint
1053 1665 1148 1710 com·

195 1743 401 1824 ponendum.
452 1745 583 1809 Datum
602 1744 779 1823 Laterani,
798 1746 1019 1829 pontificatus
1039 1746 1148 1810 nostri

196 1860 288 1905 anno
303 1843 452 1925 [decimo
467 1843 609 1924 sexto].'

445 2017 495 2080 De
509 2017 700 2082 restitutione
712 2016 897 2083 abderamam.

247 2138 419 2222 Tempore
448 2158 531 2203 vero
564 2160 634 2222 quo
668 2139 846 2216 Nicolaus‚
878 2138 1150 2204 Tusculanensis
1162 2162 1307 2204 aunarius

197 2238 378 2319 episcopus
394 2245 429 2301 et
440 2239 641 2322 apostolicae
658 2240 750 2303 sedis
768 2239 917 2321 legatus,
930 2258 993 2322 per
1008 2239 1149 2302 nuntios
1162 2213 1312 2313 ffiwu

197 2345 405 2400 memoratos
422 2337 552 2401 domini
578 2357 678 2421 papae
700 2338 935 2403 authenticum
955 2345 1148 2420 acceperat,
1162 2314 1237 2364 ¹⁸⁹²*

198 2454 262 2498 rex
277 2433 469 2518 Anglorum
485 2438 612 2500 eratin
628 2438 785 2521 partibus
805 2436 1064 2515 transmarinis;
1088 2435 1148 2499 sed

197 2533 360 2617 quoniam
377 2534 468 2598 idem
485 2555 561 2612 rex,
579 2537 615 2600 in
638 2555 776 2600 recessu
799 2554 863 2599 suo
886 2536 931 2599 ab
945 2533 1088 2616 Anglia,
1104 2534 1151 2597 le-

198 2640 282 2714 gato
310 2633 506 2717 jamdicto
538 2642 574 2699 et
597 2634 775 2701 Willelmo
802 2632 1035 2698 Mareschallo
1058 2631 1151 2697 vices

199 2750 280 2795 suas
297 2732 334 2795 in
349 2732 414 2797 hoc
431 2734 572 2816 negotio
590 2735 822 2811 commiserat,
846 2732 935 2796 idern
959 2731 1097 2814 legatus
1114 2732 1151 2795 in

198 2832 282 2895 urbe
298 2831 553 2896 Londoniarum
570 2832 663 2917 apud
680 2841 837 2897 sanctum
854 2832 1003 2895 Paulum
1020 2831 1152 2912 grande

200 2932 428 3012 congregavit
450 2932 644 3010 concilium,
660 2934 731 3010 ubi,
746 2930 967 3013 congregatis
982 2929 1151 3012 archiepi-

199 3031 326 3112 scopis,
344 3031 527 3113 episcopis,
545 3032 740 3109 abbatibus,
755 3031 938 3114 prioribus,
956 3029 1152 3108 comitibus,

199 3129 387 3193 baronibus
419 3137 455 3194 ct
480 3131 558 3194 aliis
590 3132 633 3195 ad
666 3131 731 3195 hoc
772 3131 948 3213 negotium
977 3130 1152 3193 interdicti

200 3229 448 3310 spectantibus,
476 3231 657 3313 proposuit
688 3249 804 3293 coram
827 3230 984 3294 omnibus
1005 3228 1152 3292 sormam

202 3328 432 3392 restitutionis
457 3348 563 3411 super
589 3330 715 3394 ablatis
743 3336 779 3393 et
800 3329 934 3392 damnis
966 3347 988 3390 a
1012 3328 1152 3392 domino

201 3446 306 3509 papa,
323 3428 481 3509 partibus
500 3429 808 3505 consentientibus,
826 3428 948 3492 Romae
964 3426 1152 3508 provisam,

199 3527 405 3608 praecipiens
419 3533 631 3604 constanter,
650 3535 689 3592 ut
706 3526 955 3591 certificaretur
976 3524 1018 3588 de
1041 3543 1152 3607 quan·

200 3624 301 3688 titate
328 3624 453 3690 solutae
480 3627 634 3708 pecuniae
657 3627 830 3708 episcopis
852 3633 887 3689 et
909 3624 986 3688 aliis
1009 3624 1172 3706 quibua,

198 3723 283 3788 libet
300 3743 321 3787 a
341 3725 507 3789 ministris
525 3727 617 3807 regis
642 3745 750 3790 causa
769 3724 956 3800 interdicti,
978 3730 1150 3805 quatenus
1199 3801 1205 3815 ·

199 3842 262 3905 per
283 3825 466 3905 pecuniam
485 3825 635 3889 solutam
655 3825 760 3889 sciret
776 3831 944 3907 qnantum
966 3821 1150 3904 unicuique

200 3922 244 3984 ad
262 3922 466 3987 solvendum
483 3932 639 3989 restaret.
693 3924 885 3988 Probatum
901 3928 955 3985 est
968 3921 1076 4001 igitur
1088 3920 1152 3983 ibi-

200 4021 276 4084 dem
305 4031 401 4087 certa
420 4024 691 4105 computatione,
713 4022 1008 4105 archiepiscopum
1028 4027 1063 4082 et
1079 4037 1152 4082 mo·

199 4121 330 4185 nachos
352 4120 633 4200 cantuarienses,
664 4122 768 4185 simul
799 4141 878 4184 cum
903 4117 1152 4194 Londonicnsi,

200 4219 343 4298 Eiiensi,
367 4221 627 4301 Heresordensi,
648 4219 888 4297 Batboniensi,
906 4217 1153 4293 Lincolnicnsi,
