2970 5016
455 486 594 535 anonas
616 487 885 536 uisionisauu.
1077 471 1143 537 293

193 651 329 719 tenura,
344 644 380 706 in
402 662 471 725 qua
493 663 630 708 eramus
646 645 813 728 praedicto
830 646 885 710 die
902 645 925 710 J
928 645 1017 722 ovis,
1032 666 1142 729 usque
1156 665 1211 706 an.
1222 664 1278 704 121⁴.

192 742 234 806 ad
252 743 437 825 praedictos
455 745 607 826 quinque
618 763 729 810 annos
746 746 948 828 completos.
983 745 1049 809 Isti
1060 757 1142 811 sunt

193 841 379 906 dictatores
395 851 430 905 et
448 843 686 909 emendatores
701 844 805 928 hujus
822 854 954 926 treugae
971 845 1062 909 inter
1079 865 1142 910 nos

191 949 225 1004 et
248 961 365 1023 regem
382 940 521 1023 Angliae
543 942 654 1021 datoe;
682 962 726 1006 ex
749 951 848 1026 parte
870 952 1002 1021 nostra,
1022 944 1064 1008 Ρ.
1079 944 1142 1008 Sa·

193 1041 281 1116 vari,
307 1039 424 1104 Guido
454 1041 601 1124 Turpio,
625 1043 732 1105 abbas
758 1043 900 1126 majoris
931 1045 1141 1118 monasterii,

194 1139 239 1202 G.
275 1139 539 1204 archidiaconus
570 1141 811 1220 Turonensis;
852 1163 897 1206 ex
924 1150 1023 1225 parte
1052 1143 1143 1224 regis

193 1239 400 1320 Anglornm,
420 1238 466 1301 H.
486 1239 528 1302 de
552 1240 684 1322 Burgo,
702 1242 936 1305 seneschallus
962 1241 1142 1319 Pictaviae,

196 1337 241 1401 R.
258 1338 301 1402 de
320 1337 503 1416 Pontibus,
528 1340 635 1402 abbas
659 1341 772 1403 sancti
795 1340 818 1405 J
822 1341 968 1405 ohannis
989 1340 1142 1422 Anglici,

194 1437 345 1500 decanus
357 1437 640 1502 Cristatonensis.
675 1439 720 1502 Et
731 1459 850 1503 omnes
868 1441 926 1503 isti
935 1441 1143 1523 juraverunt

194 1538 285 1600 bona
305 1537 383 1613 fide,
403 1537 494 1618 quod
513 1557 576 1619 pro
593 1538 745 1601 dissidiis
759 1547 794 1602 et
808 1539 957 1621 querelis
973 1539 1143 1614 omnibus,

194 1655 273 1717 qnae
299 1635 387 1699 forte
418 1646 632 1717 emergerent
660 1638 696 1700 in
727 1637 899 1714 Pictavia,
928 1636 1143 1719 Andegavia‚

195 1735 378 1798 Britannia
396 1735 451 1798 vel
473 1734 661 1811 Turonica,
684 1739 890 1800 convenient
917 1737 960 1800 ad
984 1738 1144 1800 abbatem

194 1834 236 1897 de
248 1834 456 1912 Fulcireles;
481 1843 516 1898 et
532 1855 596 1917 pro
611 1836 688 1899 aliis
701 1836 863 1918 querelis,
879 1855 957 1917 quae
972 1835 1060 1900 forte
1074 1837 1142 1899 ori·

196 1947 299 1997 entur
319 1935 354 1995 in
377 1933 565 2011 Bituresio,
590 1933 774 2011 Arvernia,
798 1936 833 1998 in
856 1936 1023 1998 comitatu
1048 1935 1144 1998 Mar·

193 2033 280 2096 chiae
296 2040 332 2096 et
348 2032 544 2109 Lemovico,
567 2035 774 2098 convenient
789 2035 824 2096 in
840 2033 997 2116 partibus
1016 2034 1084 2096 illis
1100 2034 1143 2097 ud

195 2131 434 2214 corrigendum
450 2130 634 2196 excessus?
681 2133 810 2197 Eodem
829 2141 983 2215 tempore
998 2132 1143 2197 Richar-

196 2232 273 2308 dus,
304 2230 567 2294 Saresbiriensis
605 2231 767 2309 decanus,
804 2233 847 2296 ad
881 2232 1145 2308 Cicestrensem,

196 2330 375 2395 Waltorus
386 2330 429 2393 de
443 2328 689 2412 Grai‚Angliae
698 2331 937 2409 cancellarius,
952 2332 995 2396 ad
1007 2331 1146 2413 Wigor·

196 2431 361 2506 mensem,
388 2430 551 2493 ecclesias
578 2430 731 2512 episcopi
756 2432 949 2495 consecrati
975 2439 1056 2493 sunt
1084 2451 1146 2513 per

196 2548 336 2593 manum
346 2528 525 2610 Stephani,
538 2529 788 2612 archiepiscopi
799 2529 1071 2603 Cantuariensis‚
1079 2536 1145 2592 ter-

196 2629 245 2693 tio
268 2647 378 2692 nonas
396 2627 569 2692 Octobris
622 2627 690 2690 His
714 2630 817 2692 etiam
840 2628 961 2691 diebus
984 2646 1047 2690 rex
1071 2624 1146 2689 An·

196 2727 330 2809 glorum
346 2726 538 2803 lohannes,
555 2727 703 2809 expletis
721 2727 864 2809 agendis
888 2727 960 2790 suis
982 2725 1016 2788 in
1040 2726 1147 2807 parti·

196 2827 261 2889 bus
288 2827 538 2902 transmarinis,
565 2826 667 2889 rediit
695 2827 731 2889 in
754 2825 919 2908 Angliam
942 2831 1066 2908 quarto
1089 2823 1147 2887 de-

197 2926 286 2990 cimo
304 2925 471 2990 kalendas
490 2925 709 2990 Novembris.

276 3103 325 3166 Dc
339 3101 486 3186 colloquio
500 3125 521 3166 a
537 3101 701 3265 duronlipus
716 3102 840 3188 Aayliae
854 3112 960 3167 costra
977 3122 1074 3189 repom

591 3224 622 3264 ce
668 3211 747 3265 rato.

248 3325 320 3389 Sub
339 3325 458 3388 eadem
480 3334 685 3408 tempestate
707 3319 959 3389 lconvenerunt
979 3325 1022 3388 ad
1042 3325 1149 3389 collo·
1162 3338 1289 3388 neharot

197 3425 315 3506 quium
350 3424 440 3506 apud
475 3432 635 3488 sanctum
671 3423 912 3487 Eadmundum
940 3424 1083 3487 comites
1113 3431 1149 3486 et
1160 3391 1286 3529 {Hugh

196 3525 342 3588 barones
365 3522 504 3604 Angliae
534 3522 635 3604 quasi
663 3524 777 3603 gratia
810 3522 989 3596 orationis,
1011 3521 1120 3585 licet
1111 3540 1147 3584 in

197 3641 303 3685 cansa
327 3621 420 3685 aliud
445 3621 589 3700 suisset3
619 3641 711 3697 nm,
734 3641 812 3684 cum
835 3622 894 3684 diu
917 3620 1019 3683 simul
1041 3629 1075 3684 et
1092 3639 1147 3683 se·

196 3722 324 3784 cretius
347 3728 498 3785 tractare
523 3723 722 3803 coepissent,
748 3719 917 3802 producta
944 3720 1054 3782 estin
1077 3739 1147 3782 me·

198 3820 293 3883 dium
310 3819 432 3883 charta
448 3819 607 3902 quaedam
628 3820 721 3901 regis
737 3818 882 3882 Henrici
908 3819 1021 3900 primi,
1043 3836 1147 3899 quam

233 3976 241 4008 ¹
254 3981 421 4028 Convenerunt
439 4014 482 4029 ...
496 4015 503 4029 .
521 3979 619 4027 amnites
636 3984 660 4026 et
687 3975 770 4041 king's
783 3979 928 4041 justiciam,
939 3977 997 4026 who
1008 3978 1149 4039 ‘potestate

197 4044 320 4115 baronta]
340 4049 394 4097 'Ibe
411 4049 545 4110 Waverley
562 4048 660 4097 Annals
688 4063 735 4096 sua
753 4063 802 4096 non
820 4049 883 4097 bene
902 4053 976 4095 ntem
995 4048 1058 4096 iram
1078 4047 1150 4096 baro·

196 4119 316 4168 attribute
333 4119 384 4167 this
402 4119 504 4180 general
520 4118 662 4166 discontent
688 4131 746 4164 num
767 4117 877 4165 converti
897 4116 991 4166 lecerat
1007 4121 1093 4167 contra
1111 4131 1149 4166 re-

197 4186 226 4237 os
243 4187 286 4236 the
303 4189 394 4236 barons
411 4193 437 4236 to
453 4188 495 4236 tho
512 4187 620 4236 conduct
636 4186 665 4234 ol
690 4180 761 4248 gem}
774 4201 800 4247 p.
812 4190 868 4236 180.

197 4258 285 4321 Peter,
297 4256 387 4319 bishop
398 4257 427 4306 oi
441 4256 609 4321 winchester,
620 4255 662 4305 the
