2970 5016
340 456 384 519 7⁰
595 469 729 518 roonnr
752 468 800 514 nn
823 465 1031 515 wnnnovnn

183 638 304 678 emm·
342 644 470 701 ensem,
493 623 553 705 qui
583 622 731 687 Romam
757 621 931 704 proiectus
960 620 1087 684 ibidem
1113 627 1168 684 est
1189 640 1287 703 pree·

342 724 442 804 byter
466 722 657 798 ordinatus,
683 728 720 785 et
746 719 878 783 decimo
900 718 1004 782 tertie
1030 717 1197 781 kalendae
1218 718 1288 783 Oc·

342 820 451 884 tobris
485 820 529 883 eb
557 818 706 894 Albano,
735 816 927 881 Albanenei
957 815 1132 899 episeopo,
1162 835 1287 880 munus

342 916 610 982 consecrationis
625 914 789 997 eneeepit.

406 1082 1225 1247 nammrmmuomtmaoe

182 1320 333 1409 misti·
394 1304 498 1370 Anno
523 1304 647 1386 gratioe
670 1320 827 1368 nexem.
853 1322 916 1367 rex
937 1301 1133 1367 Riebardne
1154 1319 1287 1365 reman-

183 1428 285 1469 um·
343 1403 391 1468 eit
408 1405 446 1466 in
466 1403 624 1466 custodia
642 1402 740 1466 ducis
757 1401 923 1477 nostrie,
944 1400 1052 1465 donec
1070 1400 1182 1482 ipsum
1203 1418 1287 1463 ven·

343 1500 431 1565 didit
450 1498 650 1582 imperatori
668 1499 828 1564 Romano
849 1517 913 1580 pro
934 1497 1119 1578 sexaginte
1137 1496 1288 1560 millibus

343 1598 440 1662 libris
466 1598 602 1678 argenti
626 1597 670 1661 ad
697 1597 832 1678 pondus
858 1595 1127 1672 Coloniensium,
1148 1601 1185 1658 et
1203 1601 1287 1657 tnnc

343 1695 431 1759 seria
453 1696 557 1759 tertie
578 1693 808 1775 postlimen
831 1693 1025 1776 palmarum
1045 1693 1159 1774 ipsum
1178 1691 1287 1755 eddn-

344 1810 426 1856 oene
448 1791 633 1872 diligenter
653 1791 819 1855 custodiri
840 1790 944 1867 iecit3
973 1798 1021 1866 et,
1043 1795 1084 1855 ut
1104 1807 1220 1870 regem
1243 1789 1287 1853 ed

344 1889 603 1953 immoderatam
639 1887 883 1969 redemptionis
911 1887 1066 1969 peeuniae
1099 1886 1290 1968 impelleret

344 1986 588 2069 quantitatem,
611 1977 758 2050 ¹retrudi
775 2005 853 2049 eum
873 1985 1038 2068 proeeepit
1055 1984 1093 2049 in
1111 1982 1289 2061 Trivaliie,

344 2101 368 2146 a
389 2102 460 2165 qno
483 2101 621 2146 eareere
648 2083 763 2147 nulius
786 2090 867 2147 ante
888 2083 963 2146 dien
985 2082 1073 2146 istos
1096 2080 1208 2146 exivit
1227 2081 1288 2163 qni

343 2180 470 2244 ibidem
507 2179 662 2257 intravit,
694 2181 737 2244 de
770 2198 841 2261 que
873 2178 1080 2244 Aristotelen
1114 2172 1169 2243 ¹in
1199 2176 1287 2243 libro

344 2277 478 2358 quinto,
507 2277 664 2342 ‘Bonum
692 2285 747 2341 est
775 2283 927 2342 mactare
958 2284 1118 2357 parentes
1142 2275 1179 2341 iu
1207 2274 1287 2341 Tri·

343 2374 470 2451 vallie,'
490 2382 526 2438 et
542 2374 638 2452 olibi,

383 2518 477 2577 ‘Sunt
489 2517 560 2587 ioea,
575 2524 641 2576 eunt
653 2525 762 2597 gentes,
775 2518 878 2597 quibus
891 2525 936 2576 eat
948 2525 1071 2576 mactare
1083 2524 1216 2597 parentet
1225 2516 1246 2588 ς’

343 2660 403 2729 ubi
430 2662 495 2727 eub
523 2658 665 2742 copiosa
689 2656 835 2725 militnm
862 2664 899 2721 et
924 2658 1146 2725 servientium
1172 2658 1288 2725 multi-

343 2758 473 2836 tudine,
494 2757 555 2841 qui
575 2776 653 2821 eum
680 2756 717 2823 in
743 2755 829 2823 locis
854 2755 1012 2821 omnibns
1036 2755 1091 2821 die
1115 2763 1288 2839 noctuque

342 2857 473 2921 strictis
508 2855 755 2921 comitarentur
789 2851 927 2933 gladiis,
962 2853 1157 2935 lentumque
1191 2855 1285 2936 regie

343 2953 542 3017 ambiebant
567 2946 751 3032 ’deputatu
777 2950 948 3017 neminem
973 2969 1115 3017 enorum
1141 2970 1219 3017 cum
1243 2971 1284 3017 eo

342 3055 544 3130 pernoctare
574 3047 813 3128 permiserunt.
873 3046 963 3111 Hoee
995 3048 1111 3114 omnia
1140 3049 1287 3113 serenis·

342 3145 420 3209 simi
448 3143 614 3227 principie
644 3163 820 3226 uunquam
849 3144 1029 3211 obfuscare
1059 3146 1194 3211 vultum
1225 3166 1287 3229 po·

344 3248 495 3317 tuerunt,
517 3242 600 3324 quin
617 3241 736 3305 hilaris
755 3249 791 3306 et
805 3240 980 3327 jucundus
994 3242 1030 3307 in
1049 3242 1176 3320 vorbis,
1200 3244 1284 3325 quin

343 3337 441 3405 ferox
463 3344 500 3403 et
527 3339 774 3407 audacissimus
798 3339 834 3403 in
860 3338 974 3416 factis,
1004 3348 1108 3421 prout
1134 3347 1283 3423 tempus,

342 3434 451 3513 locus,
475 3455 593 3514 cauea,
612 3455 759 3519 persona
780 3435 955 3518 exigebat,
979 3455 1114 3519 semper
1139 3456 1284 3520 appare·

342 3540 411 3612 ret;
434 3536 569 3615 quoties
594 3542 709 3600 autem
733 3533 893 3602 custodes
911 3553 993 3599 enee
1013 3534 1203 3617 joculando
1224 3534 1281 3600 de·

342 3632 544 3711 turpeverit,
567 3631 702 3714 quoties
727 3650 788 3695 eos
814 3630 1015 3697 inebriando
1042 3631 1283 3709 ludificaverit,

340 3728 476 3807 quoties
512 3736 584 3795 tam
621 3728 821 3795 immanium
851 3728 944 3795 viree
972 3747 1152 3809 corporum
1182 3730 1284 3811 qnasi

374 3917 508 3969 ¹Retradi.
519 3915 799 3988 ..tamwuaJcog-
822 3921 971 3973 ederunrde
987 3927 1014 3972 at
1029 3923 1143 3980 wer-mu
1160 3922 1209 3972 ool.
1226 3927 1284 3971 888.

339 3988 451 4050 geehale,
471 3987 554 4036 whom
573 3989 715 4037 wendover
738 3989 798 4038 bere
856 3986 979 4039 ¹1nlibro
992 3990 1098 4054 quinto]
1115 3990 1164 4041 ‘In
1177 3991 1286 4053 Topieo·

337 4058 422 4109 terreo
429 4056 468 4111 fot
474 4055 575 4119 Diaeto,
581 4056 699 4118 myrtunt
705 4058 737 4109 he
743 4072 798 4106 wne
821 4073 877 4111 rum
887 4060 952 4109 libro
963 4054 1070 4121 quintet
1090 4060 1120 4109 C.

338 4124 490 4186 imprieoned
508 4126 562 4181 drot
580 4131 608 4175 nt
623 4125 726 4190 Trevee,
746 4127 796 4176 and
856 4125 1018 4191 ’bmmtJ
1029 4126 1200 4189 ‘Deputatirf
1211 4127 1268 4177 MS.
