2970 5016
337 448 404 513 ΜΘ
594 460 726 509 nonum
751 461 798 508 os
821 459 1029 509 wnunovna

179 649 234 689 sn.
245 649 302 689 nn.
339 619 613 703 quinquennium
627 618 946 681 excommunicatus
957 626 1207 700 permanserat,
1223 617 1295 681 De-

340 738 466 801 umque
486 726 521 782 et
542 725 699 782 sanctam
721 717 901 781 ecclesiam
923 718 959 779 in
985 725 1120 781 tantum
1144 717 1293 780 offende-

340 826 408 895 rat,
430 816 523 900 quod
545 817 587 880 de
607 817 732 879 animae
752 835 825 878 suae
845 816 959 880 salute
976 816 1114 897 penitus
1135 816 1295 898 despera-

340 919 424 995 bat;
450 916 613 992 secunda,
633 914 726 995 quod
749 915 840 995 regis
864 915 1077 979 Francorum
1102 916 1293 979 adventum

341 1015 530 1091 metuebat,
548 1015 608 1096 qui
627 1015 720 1077 circa
745 1014 850 1077 maris
873 1014 994 1077 littora
1013 1035 1092 1078 cum
1115 1015 1298 1077 innumera

342 1122 554 1180 armatorum
573 1114 674 1195 copia
695 1119 903 1195 exspectans
923 1112 1067 1176 insidias
1086 1133 1160 1177 suae
1178 1113 1295 1196 dejec-

343 1214 448 1278 tionis
470 1213 639 1295 pa'rabat3
664 1211 778 1288 tertia,
801 1211 906 1293 quod,
926 1213 957 1275 si
979 1212 1067 1276 sorte
1087 1232 1166 1276 cum
1186 1212 1297 1276 bosti-

343 1314 408 1376 bus
432 1310 755 1394 supervenientibus
772 1309 854 1374 belli
874 1318 1047 1375 certamen
1064 1311 1180 1388 iniret,
1198 1332 1297 1376 vere·

343 1413 448 1475 batur
469 1431 513 1475 ue
530 1430 552 1474 a
576 1410 796 1493 magnatibus
816 1408 956 1491 Angliae
979 1417 1015 1474 et
1032 1412 1173 1493 propria
1194 1418 1299 1493 gente

344 1511 440 1574 solus
471 1510 507 1573 in
538 1529 660 1592 campo
695 1509 947 1590 relinqueretur
978 1518 1040 1573 aut
1067 1510 1216 1574 inimicis
1250 1509 1294 1572 ad

344 1608 556 1691 perdendum
589 1608 810 1687 traderetur;
850 1615 1007 1690 quartam
1039 1628 1122 1672 vero
1155 1628 1297 1672 causam

344 1708 422 1771 aliis
445 1707 524 1790 plus
552 1708 710 1772 omnibus
735 1707 891 1783 timebat,
922 1707 1076 1771 instabat
1102 1710 1194 1771 enim
1221 1708 1295 1771 dies

345 1807 557 1870 ascensionis
575 1806 781 1883 Dominicae,
804 1806 840 1868 in
863 1824 933 1886 quo
951 1805 1058 1888 juxta
1080 1807 1297 1889 prophetiam

346 1904 444 1970 Petri
472 1905 660 1981 heremitae,
690 1905 734 1968 de
764 1923 834 1985 quo
864 1906 1022 1987 superius
1053 1905 1200 1968 relatum
1231 1913 1298 1983 est,

346 2023 425 2068 cum
456 2003 534 2086 ipsa
568 2004 642 2068 vita
680 2023 823 2084 regnum
858 2009 931 2067 taur
967 2005 1156 2086 temporale
1193 2023 1298 2087 quam

347 2109 514 2166 aeternum
531 2102 690 2166 amittere
707 2103 901 2166 verebatur.
948 2102 1018 2166 His
1034 2111 1150 2167 autem
1167 2111 1204 2166 et
1219 2122 1300 2166 con·

346 2201 516 2263 similibus
536 2201 651 2264 causis
672 2201 708 2263 in
725 2200 999 2284 desperationem
1021 2203 1207 2285 prolapsus
1221 2222 1299 2284 per-

347 2299 566 2363 suasionibus
590 2298 788 2381 Pandulphi
810 2299 988 2382 adquievit
1009 2309 1045 2365 et
1064 2301 1298 2383 subscriptam

349 2398 444 2480 pacis
467 2397 612 2461 sormam
637 2417 705 2461 non
730 2400 805 2461 sine
833 2398 951 2463 dolore
979 2401 1174 2478 concessit3
1200 2400 1300 2483 jura-

349 2497 400 2561 vit
428 2516 512 2579 ergo
544 2517 620 2574 rex,
646 2497 751 2561 tactis
782 2499 1015 2562 sacrosanctis
1045 2498 1237 2580 evangeliis
1262 2500 1299 2562 in

348 2595 535 2677 praesentia
558 2596 769 2678 Pandulphi,
800 2616 837 2660 se
862 2596 995 2681 judicio
1023 2598 1178 2662 ecclesiae
1209 2598 1302 2680 pari·
1377 2656 1384 2671 ,

350 2702 478 2772 turum,
511 2702 546 2758 et
572 2695 718 2758 sedecim
751 2714 830 2758 cum
858 2716 899 2760 eo
926 2696 1069 2761 comites
1096 2705 1132 2761 et
1153 2698 1302 2761 barones

349 2813 394 2857 ex
423 2794 674 2876 potentioribus
700 2796 797 2875 regni
823 2796 859 2858 in
885 2798 1035 2859 animam
1061 2797 1170 2878 ipsius
1196 2799 1301 2878 regia,

350 2891 454 2975 quod,
473 2893 503 2955 si
522 2891 610 2956 forte
630 2893 714 2956 sacti
736 2895 933 2974 poeniteret,
956 2896 1022 2977 ipsi
1041 2915 1120 2958 eum
1138 2916 1202 2978 pro
1220 2916 1302 2978 pos·

351 2991 516 3054 sibilitate
536 2992 580 3054 ad
600 2992 873 3056 satisfactionem
894 2994 1150 3076 compellerent.

404 3160 522 3225 Oherta
538 3164 618 3248 reple
630 3165 787 3232 Joltoanis
801 3170 838 3234 de
855 3173 1066 3256 satisfactione
1073 3176 1170 3258 seete
1184 3176 1303 3242 aretia«

444 3261 570 3345 piscepo
584 3264 805 3332 Cereteerieaoe'
819 3279 847 3333 et
861 3273 1016 3336 moechis
1028 3275 1305 3340 oblocutionibus

450 3369 478 3424 et
489 3360 564 3424 aliis
576 3364 701 3448 Artpbiae
709 3367 854 3450 pretatis
864 3370 902 3433 de
918 3373 1107 3439 restitutione
1120 3374 1305 3439 oblaterant.

403 3483 649 3552 Convenerunt
668 3491 760 3572 apud
778 3492 955 3558 Doveram
978 3498 1111 3563 decimo
1128 3487 1234 3565 ter'tio
1249 3501 1305 3565 die

190 3618 200 3646 .
238 3634 243 3644 .
354 3583 454 3661 Maii,
478 3585 637 3650 videlicet
662 3588 717 3652 die
741 3590 851 3657 Lunae
872 3597 1030 3675 proximo
1053 3607 1134 3663 aute
1152 3601 1307 3664 ascensi·

353 3702 452 3746 onem
480 3685 635 3763 Domini,
658 3708 720 3751 rex
743 3697 779 3752 et
800 3690 1038 3777 Pandulphus,
1067 3718 1145 3761 cum
1171 3700 1308 3762 comiti·

353 3782 430 3857 bus,
448 3784 634 3848 baronibus
652 3794 686 3849 et
704 3790 806 3852 turba
823 3793 933 3856 multa
956 3796 1070 3872 nimis,
1093 3798 1152 3860 ubi
1170 3799 1206 3860 in
1224 3800 1306 3862 sub·

353 3882 518 3963 scriptam
540 3885 636 3966 pacis
654 3886 798 3951 formam
815 3893 1023 3957 unanimiter
1039 3906 1306 3976 consenserunt3

353 3977 590 4059 ‘Johannes,¹
625 3984 693 4048 Dei
726 3990 840 4067 gratia
871 4011 931 4054 rex
962 3992 1114 4075 Angliae,
1149 3998 1307 4060 omnibus

548 4208 553 4237 ¹
565 4211 711 4277 temeres]
728 4215 851 4278 Compare
869 4219 971 4282 Rymer,
983 4222 1000 4270 i.
1012 4236 1038 4283 p.
1053 4225 1108 4271 111.
