2970 5016
398 457 443 520 48
655 472 789 521 nocnnr
812 475 859 521 nn
883 475 1089 522 warnovan

235 644 291 685 an.
304 647 360 686 uu.
402 627 532 692 factum
542 635 608 704 est,
621 637 659 692 ut
675 626 1081 711 princepsAntiocbenus
1096 627 1282 708 praedictas
1296 649 1350 693 re·

398 725 526 808 liquias
541 746 657 790 secum
677 727 814 791 tolleret
832 725 1016 807 sigillatas,
1031 733 1068 790 et
1084 726 1212 791 idcirco
1234 729 1350 792 cuncti

398 824 517 888 fideles
544 825 817 889 Christianitatis
855 843 982 907 magno
1015 823 1134 888 dolore
1172 832 1208 890 et
1243 827 1350 890 animi

398 941 546 987 moerore
562 924 774 988 consternati
792 929 886 1000 sunt,
904 923 988 1006 quia
1005 924 1172 986 terminus
1188 944 1210 987 a
1227 924 1349 990 Salae-

398 1019 479 1085 dino
496 1021 662 1103 praefixus
680 1021 755 1105 Jam
774 1022 941 1100 instabat,
965 1021 1196 1105 princepsque
1223 1023 1350 1106 praesa-

398 1127 456 1184 tus
479 1120 642 1203 reliquias
662 1128 803 1184 sanctas
823 1140 939 1184 secum
955 1119 1140 1197 detulerat,
1161 1128 1201 1185 ut
1224 1121 1349 1200 eidem,

398 1219 489 1283 sicut
516 1238 576 1283 eas
607 1226 797 1302 receperat,
828 1219 987 1282 redderet
1023 1218 1223 1300 sigillatns3
1255 1222 1346 1302 quod

398 1318 570 1399 gloriosus
598 1339 660 1383 rex
691 1318 885 1400 Anglorum
910 1315 1119 1394 Richardus,
1141 1337 1220 1381 cum
1254 1329 1347 1384 esset

398 1416 490 1498 apud
515 1417 655 1496 Furbie,
679 1417 890 1498 intelligens,
915 1423 951 1480 et
972 1435 1043 1479 rem
1067 1423 1269 1498 gestamen
1292 1438 1348 1482 or·

397 1513 478 1579 diue
505 1535 767 1598 recognoscens,
795 1535 876 1580 mox
908 1515 1090 1598 pecuniam
1117 1517 1347 1596 praenomina·

396 1621 468 1677 tam
495 1633 559 1696 pro
584 1616 715 1679 sanctis
736 1615 891 1696 reliqniis
910 1613 1097 1677 Salaadino
1119 1615 1285 1695 persolvit
1310 1624 1347 1681 et

397 1720 596 1777 sanctorum
629 1714 776 1796 pignora
807 1713 953 1778 devotus
988 1711 1144 1789 retinuit,
1174 1721 1346 1794 quatenus

397 1812 510 1875 sancti
537 1811 617 1889 Dei,
643 1830 790 1894 quorum
812 1831 894 1876 ossa
914 1811 957 1875 de
979 1811 1138 1875 manibus
1163 1811 1345 1893 impiorum

397 1910 542 1975 redemit
557 1910 721 1987 interris,
736 1911 804 1992 ipsi
821 1911 893 1974 suis
903 1908 1207 1974 intercessionibus
1221 1912 1345 1976 animae

397 2008 474 2089 ejus
496 2009 720 2073 subvenirent
735 2009 772 2072 in
787 2009 892 2072 caelis.
946 2008 1033 2073 Erat
1055 2015 1171 2072 autem
1193 2011 1346 2092 capsella

397 2113 506 2169 tantae
529 2108 745 2189 capacitatis,
773 2115 949 2189 tantaeque
971 2114 1047 2171 erat
1066 2107 1346 2189 ponderositatis,

396 2210 436 2268 ut
453 2206 513 2268 vix
528 2225 551 2270 a
566 2215 717 2289 quatuor
732 2207 815 2271 viris
831 2207 962 2271 diutius
979 2212 1188 2288 portaretur.

472 2374 612 2438 [necatio
627 2374 778 2453 Antaei,
793 2375 873 2460 repis
888 2376 1279 2460 Britonamsemosissimi.

446 2497 575 2561 Eodem
595 2518 687 2563 anno
712 2492 871 2564 ¹inrenta
895 2507 976 2563 sunt
1003 2499 1095 2582 apud
1121 2498 1344 2564 Glasconiam

395 2615 476 2661 ossa
492 2597 712 2662 famosissimi
727 2598 819 2679 regis
834 2598 1025 2662 Britanniae
1042 2597 1188 2663 Artbnri
1204 2599 1241 2663 in
1257 2618 1344 2682 quo-

394 2695 474 2759 dam
504 2697 740 2762 vetustissimo
777 2697 955 2761 recondita
992 2697 1221 2780 sarcophago,
1251 2700 1344 2762 circa

394 2794 487 2876 quod
502 2796 579 2859 duae
594 2796 843 2878 antiquissimae
865 2795 1062 2879 pyramides
1085 2798 1227 2860 stabant
1249 2816 1344 2860 erec·

394 2900 453 2971 tae,
477 2894 514 2956 in
546 2895 671 2976 quibus
693 2894 803 2959 literae
827 2902 928 2959 erant
954 2903 1121 2971 exaratae,
1144 2895 1204 2959 sed
1226 2896 1270 2958 ob
1290 2895 1344 2959 ni·

393 2991 498 3055 miam
528 2991 720 3055 barbariem
750 3000 785 3056 et
819 2992 1072 3057 deformitatem
1102 2993 1171 3074 legi
1203 2993 1343 3057 minime

393 3097 592 3170 potuerunt.
644 3089 794 3154 Inventa
817 3099 899 3154 sunt
914 3098 1031 3156 autem
1050 3091 1116 3156 hac
1139 3093 1340 3171 occasione;

393 3187 476 3249 dum
495 3188 586 3250 enim
602 3187 728 3253 ibidem
742 3188 941 3267 effoderent,
957 3196 997 3253 ut
1013 3190 1219 3255 monachum
1236 3211 1343 3274 qnon-

392 3284 475 3348 dam
491 3285 687 3367 sepelirent,
704 3288 763 3370 qui
785 3288 878 3352 hunc
897 3288 1012 3352 locum
1034 3289 1222 3370 sepulturae
1237 3290 1342 3353 velro-

393 3384 501 3448 menti
522 3384 692 3451 desiderio
709 3388 745 3450 in
763 3387 835 3451 vita
855 3406 920 3450 sua
941 3394 1210 3469 praeoptaverat,
1232 3388 1343 3472 quod-

393 3480 472 3546 dam
501 3485 676 3566 reperiunt
699 3485 964 3568 sarcophagum,
991 3487 1046 3549 cui
1070 3505 1156 3550 crux
1182 3487 1343 3568 plumbea

392 3584 614 3666 superposita
633 3584 758 3661 suerat,
781 3585 909 3666 inqua
932 3592 1114 3649 exaratum
1138 3591 1225 3661 erat,
1248 3585 1342 3649 ‘Hic

387 3680 486 3763 jacet
501 3682 652 3768 inclytus
672 3683 856 3747 Britonum
879 3702 941 3747 rex
956 3682 1145 3761 Arthurns,
1168 3684 1205 3747 iu
1228 3684 1343 3748 insula

393 3778 562 3846 Avalonis
579 3782 760 3863 sepultus!
814 3781 926 3845 Locus
944 3789 1059 3846 antem
1080 3782 1139 3846 ille
1160 3783 1344 3865 paludibus

392 3879 556 3962 undique⁴
570 3880 725 3945 inclusus
748 3880 829 3944 olim
854 3879 991 3945 ‘insula
1008 3880 1200 3957 Aralonis,’
1223 3880 1258 3944 id
1289 3889 1343 3946 cst

429 4072 549 4124 ¹1areata
559 4080 635 4125 arat.
649 4111 655 4125 .
669 4076 768 4140 .rm.]
786 4076 852 4140 θος-
878 4077 1011 4140 happened
1022 4079 1049 4127 in
1064 4077 1106 4128 tbe
1123 4078 1195 4140 reign
1211 4077 1240 4128 of
1255 4077 1345 4139 Henry

390 4144 560 4205 geshale,col.
569 4149 627 4195 82⁰.
664 4146 800 4206 Brcmpton
812 4161 852 4195 re·
879 4147 926 4209 11,
937 4147 986 4197 col.
999 4151 1072 4197 11⁵2.

389 4212 455 4262 lates
472 4214 515 4263 the
534 4220 694 4264 senserant
712 4229 741 4263 as
761 4214 854 4276 haring
