2970 5016
339 449 407 514 ³⁴6
600 462 734 510 uocum
757 462 806 509 ns
829 459 1037 508 wunnovss

177 642 301 682 neam.
339 621 376 682 in
397 617 493 682 alind
516 624 751 695 commutato;
778 615 943 698 quocirca
965 615 1192 678 universitati
1221 635 1293 679 ves-

340 725 404 782 trae
439 737 501 799 per
537 716 731 799 apostolica
763 715 863 778 vobis
894 714 1026 795 scripta
1059 713 1293 795 praecipiendo

339 815 556 892 mandamus,
573 822 745 897 quatenns
760 820 796 877 et
811 832 874 876 vos
886 812 1041 894 episcopi
1053 813 1292 894 praescriptam

339 916 546 978 sententiam
568 914 713 977 firmiter
724 911 929 988 observetis,
949 930 1030 975 cnm
1051 911 1195 975 interim
1218 912 1293 976 uul-

339 1014 409 1078 lam
435 1013 545 1077 eidem
561 1012 716 1076 debeatis
737 1010 968 1075 obedientiam
989 1007 1168 1074 exhibere.
1221 1010 1292 1075 Da-

339 1119 413 1176 tum
431 1111 608 1188 Laterani,
623 1110 734 1193 pridie
746 1128 858 1174 nonas
871 1108 1103 1173 Novembris?
1156 1108 1228 1172 His
1244 1111 1292 1173 ita

300 1260 306 1270 .
338 1210 459 1292 gestis,
475 1210 633 1274 canonici
651 1209 888 1273 Eboracenses
910 1214 1216 1290 presentaverunt
1234 1209 1292 1273 do·

338 1311 432 1374 mino
454 1328 556 1392 pupae
577 1308 782 1390 magistrum
805 1307 979 1372 Simonem
999 1305 1044 1370 de
1070 1305 1291 1388 langatone,

338 1407 554 1490 postulantes
576 1415 616 1471 nt
628 1407 704 1490 ejus
723 1407 926 1471 electionem
946 1405 1189 1484 confirmaret3
1216 1408 1290 1488 qui·

336 1508 403 1570 bus
422 1526 525 1589 papa,
546 1506 751 1570 ‘Noveritis
778 1506 870 1587 quod
890 1505 1003 1587 ipsum
1028 1523 1098 1567 non
1125 1505 1289 1569 habemus

337 1606 538 1686 praelecto,
556 1606 638 1687 qnia
652 1606 749 1669 illum
766 1604 810 1668 ad
826 1611 960 1668 tantam
978 1602 1186 1684 dignitatern
1211 1623 1289 1686 pro-

336 1705 467 1767 moveri
488 1705 592 1768 certis
607 1704 652 1766 de
671 1704 787 1767 causis
808 1722 880 1767 non
899 1708 1121 1784 pateremnr3
1147 1710 1196 1779 et,
1212 1722 1288 1766 cum

336 1804 510 1885 praecipue
535 1809 657 1866 contra
679 1802 944 1884 prohibitionem
972 1807 1127 1864 nostram
1150 1802 1222 1865 ista
1243 1803 1288 1866 sit

336 1901 459 1966 electio
483 1901 669 1977 celebrata,
689 1920 753 1964 nos
776 1919 853 1963 eam
879 1917 1058 1963 cassamus
1084 1900 1228 1981 penitus
1254 1908 1288 1964 et

335 2000 371 2063 in
400 2009 602 2083 perpetuum
620 2000 836 2075 damnamus,
859 1999 1081 2062 decernentes
1105 1999 1228 2081 ntique
1248 2007 1285 2062 ut

334 2097 533 2179 ineligibilis
562 2098 637 2173 fiat,
666 2118 709 2161 ne
741 2099 873 2179 absque
903 2096 1164 2178 dispensatione
1198 2097 1286 2161 sedis

335 2195 535 2276 apostolicas
559 2196 603 2258 ad
629 2196 861 2277 pontificalem
888 2195 971 2276 eligi
993 2195 1113 2259 valeat
1135 2196 1286 2277 dignita-

334 2291 427 2356 tem!
468 2292 616 2358 Cassata
629 2294 737 2376 igitur
752 2295 920 2359 electione
934 2293 1113 2375 praedicta,
1126 2294 1286 2358 dominus

334 2410 427 2475 papa
446 2393 620 2458 canonicis
644 2395 823 2476 praecepit,
847 2401 886 2456 ut
911 2393 1029 2456 statim
1054 2393 1092 2454 in
1119 2393 1285 2458 electione

333 2491 578 2573 procederent3
604 2493 658 2557 sin
683 2500 812 2570 autem,
838 2493 913 2575 ipse
933 2492 984 2555 eis
1011 2499 1190 2572 pastorem
1213 2493 1285 2556 ido-

333 2609 435 2653 neum
450 2591 659 2673 provideret.
692 2591 793 2656 Tunc
806 2591 977 2667 canonici,
993 2591 1084 2654 sicut
1094 2592 1194 2672 prius
1208 2611 1285 2674 pro-

332 2689 443 2752 visum
465 2690 590 2766 dierat,
613 2690 791 2772 elegerunt
806 2689 1001 2753 Walterum
1023 2689 1066 2751 de
1090 2688 1192 2766 Grai,
1214 2692 1283 2771 epi-

332 2807 472 2869 scopum
489 2789 779 2870 wigorniensem,
795 2796 937 2871 propter
953 2787 1068 2851 carnis
1078 2789 1281 2852 munditiam

334 2894 374 2950 ut
390 2888 602 2963 asserebant,
625 2889 742 2971 utqui
761 2889 805 2951 ab
826 2895 925 2951 utero
947 2887 1068 2949 matris
1083 2886 1185 2969 virgo
1211 2908 1281 2970 per-

333 2994 509 3049 manserat
530 3005 642 3068 nsque
664 2987 701 3050 in
724 2994 928 3067 praesentem
950 2985 1064 3063 diem;
1093 2987 1139 3048 ad
1156 2986 1221 3050 hoc
1234 2987 1281 3049 di·

333 3085 423 3147 citur
435 3102 528 3164 papa
537 3085 869 3166 respondisse‚‘Per
878 3091 1037 3148 sanctum
1047 3083 1280 3162 Petrum,vir-

333 3182 461 3262 ginitas
476 3202 604 3264 magna
615 3184 726 3248 virtus
739 3192 805 3260 est,
820 3193 856 3249 et
866 3203 929 3248 nos
940 3203 1019 3247 eum
1027 3182 1152 3247 damus
1163 3184 1281 3249 vobis!

334 3279 471 3363 ltaque,
486 3291 628 3364 accepto
647 3283 763 3364 pallio,
783 3283 966 3366 episcopus
981 3290 1192 3347 memoratus
1209 3283 1282 3347 red-

331 3379 372 3442 iit
405 3382 440 3443 in
465 3380 642 3463 Angliam,
664 3381 841 3463 obligatus
869 3382 905 3445 in
931 3381 1029 3444 curia
1052 3381 1216 3445 Romana
1238 3382 1280 3445 de

330 3478 448 3542 decem
464 3481 616 3543 millibus
630 3481 727 3544 libris
741 3480 905 3562 legalium
919 3480 1178 3561 sterlingorum.
1202 3481 1280 3558 Quo

331 3576 435 3656 facto,
456 3579 631 3643 redierunt
647 3581 683 3642 in
700 3578 863 3660 Angliam
887 3578 1040 3642 Thomas
1061 3579 1105 3642 de
1128 3579 1281 3643 Herdin·

331 3684 414 3740 tona
439 3685 474 3740 et
497 3677 543 3742 G.
561 3678 603 3741 de
622 3678 850 3755 Craucnmbe,
871 3678 1009 3755 milites,
1033 3678 1281 3761 venientesque

331 3774 374 3837 ad
393 3795 521 3856 regem,
538 3778 597 3859 qui
615 3777 690 3860 jam
706 3776 871 3842 Roffense
893 3784 1046 3840 castrum
1069 3778 1280 3861 subjugave-

331 3881 397 3949 rat,
413 3884 452 3938 ut
470 3876 673 3956 praedictum
689 3885 756 3953 est,
770 3876 950 3940 laetissima
966 3875 998 3939 ei
1012 3875 1136 3939 nuntia
1152 3877 1279 3940 retule-

330 3980 421 4037 runt.
474 3973 630 4038 Audiens
653 3981 768 4038 antem
792 3996 854 4039 rex
877 3977 1025 4039 barones
1041 3975 1183 4056 Angliae
1204 3996 1278 4039 esse

329 4075 658 4150 excommunicatos,
678 4075 974 4157 archiepiscopum
991 4074 1276 4138 Cantuariensem

328 4189 545 4253 suspensum,
564 4173 755 4238 Walterum
780 4174 822 4237 de
838 4175 924 4239 Grai
948 4175 982 4237 in
1002 4172 1276 4256 archiepiscopa-
