2970 5016
392 471 532 521 nnoans
557 472 826 521 ursroarxauu.
1018 455 1080 519 1³1

132 636 187 694 est
208 629 253 692 ad
274 630 545 694 succurrendum
575 638 690 694 castro
716 630 759 693 ‹le
786 629 961 705 Curceles,
990 628 1081 711 quod
1096 639 1217 681 ΝΛΜ·

132 728 284 792 nondum
307 729 453 793 credidit
468 748 544 793 esse
566 737 707 812 captum
725 750 734 806 3
758 728 944 812 quodcum
967 727 1083 791 audis-

131 835 186 892 set
207 847 270 910 per
290 829 528 910 exploratores
552 847 635 893 suos
664 848 724 892 rex
752 828 960 904 Richardus,
989 828 1082 891 venit

130 945 175 990 ex
204 926 350 991 adverso
375 928 513 992 obviam
539 936 575 991 et
603 928 693 991 inter
717 926 879 991 Curceles
903 935 939 991 et
962 925 1083 990 Gisor·

132 1026 218 1088 tium
234 1034 427 1108 campestre
442 1046 520 1089 curn
541 1026 609 1089 illis
627 1025 784 1107 praelium
803 1026 986 1090 commisit.
1038 1025 1081 1088 In

132 1124 198 1188 hoc
226 1132 341 1189 autem
375 1144 563 1206 congressu
592 1144 655 1187 rex
690 1125 915 1201 Francorum,
946 1123 1081 1207 pondus

133 1223 244 1305 praelii
260 1223 349 1287 serre
372 1243 441 1288 non
457 1223 590 1300 valens,
613 1232 754 1288 coactus
770 1243 848 1289 cnm
870 1225 942 1288 suis
959 1224 1002 1287 ad
1019 1222 1080 1287 Gi·

133 1324 231 1386 sortii
255 1323 436 1387 castellum
462 1322 619 1404 anfugit3
645 1331 691 1398 et,
715 1343 793 1386 cum
811 1323 975 1402 fugiendo
993 1343 1080 1405 pon-

134 1430 203 1485 tem
220 1421 263 1485 de
281 1421 405 1486 Gisors
424 1422 660 1486 ascendissent
680 1423 862 1502 fugientes,
882 1421 1080 1486 confractus

132 1529 187 1584 est
215 1540 302 1602 pons
334 1521 392 1585 ille
420 1541 493 1603 prae
524 1519 744 1585 multitudine
771 1520 974 1584 intrantium
1002 1539 1080 1584 curn

134 1621 278 1701 impetn,
302 1628 338 1685 et
363 1621 437 1702 ipso
466 1639 529 1684 rex
555 1639 632 1684 cum
652 1639 742 1701 equo
766 1627 801 1683 et
827 1619 933 1681 armis
957 1619 1081 1684 cecidit

132 1720 167 1781 in
201 1718 345 1783 fluvium
374 1719 417 1783 da
450 1718 571 1796 Esthe,
602 1738 679 1781 cum
709 1717 786 1781 aliis
818 1718 1007 1781 innumeris
1037 1718 1080 1781 de

134 1837 242 1898 regno
268 1817 493 1894 Francorum,
519 1819 577 1881 ubi
606 1837 668 1881 rex
694 1816 753 1880 ille
777 1818 813 1881 in
840 1836 940 1880 coeno
957 1817 1080 1900 Jacans

135 1915 313 1980 volutatus
340 1936 361 1980 a
387 1917 508 1981 mortis
531 1917 726 1980 discrimine
749 1917 809 1979 vix
838 1923 976 1997 ereptus
1002 1924 1080 1994 est;

133 2015 194 2079 sed
221 2015 353 2080 interea
376 2017 468 2079 acies
494 2016 654 2097 quaedam
676 2014 719 2078 de
743 2014 968 2096 Francigenis
994 2014 1082 2078 elec-

134 2115 280 2191 tissima,
301 2123 342 2178 ut
365 2115 525 2178 dominus
553 2133 670 2178 eorum
700 2113 841 2178 liberius
873 2134 934 2196 per
962 2113 1081 2195 sugam

133 2215 199 2276 sibi
224 2214 417 2278 consuleret
443 2223 478 2277 et
505 2214 597 2294 regis
620 2233 698 2276 eum
722 2212 933 2296 insequentis
959 2232 1081 2276 manus

134 2312 308 2387 evaderet,
340 2312 467 2376 reversi
501 2312 544 2375 dc
576 2313 688 2377 sronte
719 2319 840 2377 contra
869 2331 985 2393 regem
1017 2312 1080 2376 Ri-

135 2411 300 2474 chardum
332 2413 497 2494 impetum
524 2412 560 2474 in
584 2430 660 2474 eum
683 2411 839 2475 fecerunt
863 2411 1078 2486 acerrimum,

135 2530 211 2574 sese
240 2531 303 2593 pro
328 2510 458 2574 domini
488 2510 542 2573 sui
573 2510 748 2592 ereptione
774 2509 895 2574 mortis
927 2509 1080 2591 periculo

133 2618 356 2692 exponentes.
425 2608 525 2672 'l'unc
553 2609 680 2673 bellum
711 2609 895 2689 utrobique
924 2607 1082 2671 accendi·

137 2715 205 2785 tur,
233 2727 334 2772 anses
360 2707 542 2771 fulminant
567 2709 659 2771 circa
684 2708 800 2789 capita
824 2706 975 2787 galeata,
1002 2706 1080 2769 icti-

137 2808 201 2870 bus
219 2807 441 2888 ingeminatis
461 2807 559 2888 ignes
579 2812 800 2887 extorquent,
820 2805 1018 2868 lancearum
1039 2805 1084 2867 ri.

135 2925 200 2987 gor
224 2906 342 2970 hostes
371 2905 554 2969 hincinde
580 2905 781 2988 prostravit,
808 2903 934 2967 sabulis
960 2922 1084 2968 vacare

135 3024 205 3069 non
224 3013 278 3069 est
296 3005 406 3081 locus,
428 3023 491 3068 nec
512 3003 608 3068 soror
627 3004 790 3080 cessavit,
805 3004 913 3067 donec
932 3023 995 3067 rex
1010 3001 1085 3067 An·

135 3104 270 3185 giorum
307 3104 416 3167 aciem
449 3103 629 3186 praelatam
661 3103 696 3166 in
726 3122 764 3167 se
790 3121 993 3168 conversam
1019 3103 1084 3166 snb

135 3205 296 3285 captione
327 3202 507 3266 conclusit.
580 3201 623 3264 In
659 3202 723 3266 hoc
754 3221 892 3284 quoque
921 3201 1084 3266 conflictu

136 3322 198 3365 rex
229 3300 425 3366 Richardns
458 3308 529 3364 tres
556 3301 684 3364 electos
712 3300 850 3377 milites,
877 3300 1085 3365 Matthaeum

136 3401 268 3464 scilicet
293 3400 337 3463 de
366 3398 694 3476 Monte-Morecino,
720 3398 873 3462 Alanum
906 3399 949 3461 de
976 3398 1085 3463 Rusci

136 3507 172 3563 et
193 3499 382 3563 Fulconem
403 3498 447 3561 de
471 3497 684 3574 Gilernallis,
706 3499 750 3561 ab
772 3499 870 3580 equis
892 3497 935 3559 ad
958 3504 1085 3559 terram

137 3599 339 3681 prostravit,
361 3605 554 3680 prostratos
582 3598 743 3674 retinnit;
767 3605 898 3659 etcum
921 3596 970 3657 eis
989 3595 1085 3658 nobi·

136 3698 239 3762 liores
259 3698 302 3761 de
322 3715 430 3778 regno
454 3695 666 3761 Francorum
686 3697 844 3771 barones,
864 3713 1010 3776 quorum
1031 3693 1086 3757 hic

137 3797 278 3860 nomina
307 3803 557 3879 praenotantur,
592 3794 705 3858 Gallis
736 3794 779 3856 de
815 3793 935 3866 Porta,
966 3790 1087 3855 Girar-

136 3895 201 3959 dus
221 3896 264 3959 de
288 3894 406 3971 Chori,
433 3894 615 3977 Philippus
636 3894 678 3957 de
704 3892 865 3969 Nantuil,
890 3891 1016 3954 Petrus
1044 3890 1087 3953 de

136 3994 306 4072 Eschans,
324 3995 500 4058 Robertus
517 3993 560 4057 de
578 4001 700 4057 sancto
718 3991 900 4075 Dionysio,
916 3989 1088 4054 Theobal·

135 4093 201 4157 dus
228 4094 272 4158 (le
295 4091 622 4176 Wallanggardum,
651 4090 805 4155 Cednnal
831 4091 874 4152 de
897 4088 991 4165 Tris,
1016 4089 1089 4153 Ro·

134 4212 242 4274 gerns
266 4193 309 4256 de
337 4191 520 4269 Meetlent,
544 4189 625 4255 Aim
651 4189 781 4267 Triers,
807 4188 1024 4270 Reginaldns
1047 4188 1090 4251 de

939 4319 955 4354 κ
972 4309 989 4355 2
