2970 5016
459 492 599 541 enonas
623 493 894 544 nrsronnrnuu.
1084 479 1151 546 ²79

194 647 289 712 misit
308 665 453 713 assensu
475 647 572 731 regio
599 646 843 730 Pandulphum
862 647 938 732 jam
961 667 1055 732 saepe
1076 651 1284 715 dic-nunu.

194 755 268 810 tum
295 748 339 811 ad
368 747 500 812 curiam
531 747 738 824 Romanam,
770 755 810 812 ut
837 748 1086 833 archiepiscopi
1114 760 1149 815 et

194 848 434 929 episcoporum
457 846 674 930 propositum
689 847 844 911 irritaret
857 867 866 927 3
893 867 963 930 qno
976 868 1054 913 curn
1071 869 1150 933 per·

195 947 358 1023 venisset,
387 946 515 1010 samam
538 945 788 1028 archiepiscopi
819 944 1083 1012 cantuariensis
1110 949 1148 1013 in

195 1053 383 1127 conspectu
397 1046 522 1110 summi
541 1044 715 1128 pontificis
733 1064 803 1108 non
819 1045 1038 1111 mediocriter
1051 1047 1148 1111 deni·

194 1143 323 1225 gravit,
356 1163 472 1226 regern
501 1164 638 1228 quoque
659 1143 853 1226 Auglornm
881 1146 989 1210 tantis
1021 1145 1148 1211 ibidem

194 1243 322 1308 extulit
337 1243 480 1308 laudum
497 1243 693 1326 praeconiis,
709 1262 866 1308 asserens
882 1264 919 1308 se
939 1264 1056 1327 regem
1076 1254 1147 1311 tam

194 1341 357 1406 humilem
376 1351 517 1426 tamque
538 1342 730 1407 modestum
754 1350 898 1408 eatenus
918 1364 988 1408 non
1008 1345 1147 1422 vidisse,

194 1442 287 1505 utin
308 1443 418 1507 oculis
440 1442 569 1506 domini
590 1461 692 1525 papae
716 1442 807 1505 idem
832 1462 896 1506 rex
916 1444 1065 1525 gratiam
1088 1444 1149 1508 ad·

194 1541 383 1605 mirabilem
402 1542 584 1606 obtineret.
638 1541 783 1605 Restitit
804 1548 919 1605 autem
940 1541 1147 1625 Pandulpho

193 1638 319 1704 ibidem
335 1641 501 1723 magister
515 1640 632 1704 Simon
656 1641 698 1704 de
722 1639 939 1722 langetun,
961 1641 1069 1706 irater
1090 1660 1147 1705 ar·

195 1738 405 1823 chiepiscopi
432 1739 717 1818 cantuariensis3
744 1739 816 1815 sed,
840 1741 1004 1822 quoniam
1026 1740 1148 1805 charta

195 1838 286 1919 regis
312 1857 399 1903 auro
425 1839 560 1903 bullata
583 1838 723 1903 domino
746 1858 847 1921 papae
867 1838 910 1904 de
934 1840 1149 1925 subjectione

196 1944 232 2001 et
253 1938 382 2002 tributo
405 1939 503 2020 regni
526 1937 666 2019 Angliae
687 1946 723 2002 et
738 1936 918 2002 Hiberniae
938 1959 960 2003 a
981 1939 1148 2022 praedicto

197 2034 406 2120 Pandulpbo
427 2057 538 2119 nuper
555 2037 673 2102 delata
696 2037 822 2115 fuerat,
844 2039 1011 2119 magister
1026 2038 1147 2102 Simon

194 2135 230 2198 in
260 2138 333 2200 suis
362 2136 691 2201 contradictionibus
721 2155 790 2200 non
830 2137 944 2219 potuit
977 2137 1147 2202 exaudiri.

195 2232 386 2301 Asserebat
413 2243 583 2318 praterea
611 2234 838 2319 Pandnlphus
871 2244 1080 2302 memoratus
1110 2238 1148 2300 in

194 2336 381 2415 praesentia
402 2336 532 2398 domini
554 2353 668 2417 papae,
697 2334 993 2419 archiepiscopum
1016 2345 1051 2400 et
1074 2336 1148 2418 epi-

195 2450 319 2515 scopos
351 2435 387 2497 in
414 2435 598 2498 exactione
628 2441 663 2498 et
697 2433 892 2497 ablatorum
926 2436 1146 2500 restitutione

196 2539 348 2614 tempore
375 2532 550 2597 interdicti
578 2533 679 2596 nimis
707 2551 782 2596 esse
801 2532 931 2613 rigidos
955 2541 991 2597 et
1007 2552 1145 2610 avaros,

195 2631 356 2713 quodque
382 2633 495 2714 ipsum
527 2650 643 2713 regem
675 2638 711 2695 et
735 2631 835 2712 regni
862 2630 1040 2696 libertates
1067 2631 1146 2714 plus

195 2748 295 2813 aequo
316 2731 566 2815 deprimebant.
618 2731 665 2795 Et
680 2731 731 2794 sic
747 2728 963 2812 propositum
980 2730 1145 2812 archiepi-

194 2830 290 2913 scopi
315 2837 351 2895 et
378 2831 616 2914 episcoporum
639 2829 683 2894 ad
707 2837 843 2913 tempus
865 2829 1065 2896 dilationem
1087 2848 1146 2894 ac-

195 2930 297 3011 cepit.

301 3103 369 3167 Rae
385 3101 541 3168 lohannes
553 3102 801 3186 transfretabit
787 3123 823 3166 ιιι
836 3101 1032 3166 Pictueiem.

245 3218 392 3289 Eodem¹
420 3245 512 3289 anno
537 3244 599 3289 rex
622 3224 817 3307 Anglorum
844 3223 1025 3289 Johannes
1052 3223 1266 3288 misitmne

194 3324 407 3436 principibus
427 3324 562 3389 militiae
585 3343 670 3402 suae,
699 3325 759 3407 qui
786 3325 920 3388 erant
910 3344 947 3389 ιιι
967 3323 1145 3401 Flandria,
1157 3290 1241 3331 mm

194 3423 375 3506 pecuniam
397 3443 560 3505 magnam
584 3424 699 3500 nimis,
722 3430 761 3488 ut
783 3442 901 3504 regem
931 3422 1144 3486 Francorum

193 3523 428 3607 inquietarent
461 3531 497 3588 et
530 3531 642 3588 terras
670 3542 747 3586 cum
782 3523 905 3586 castris
948 3521 1144 3585 incursione

192 3622 316 3687 bellica
338 3623 582 3702 devastarent3
604 3630 649 3701 ‚at
668 3622 720 3685 illi
737 3622 829 3704 regis
845 3619 1145 3684 exhortationibus

192 3723 471 3804 obtemperantes
507 3729 633 3786 terram
667 3721 802 3785 comitis
834 3720 877 3783 de
906 3718 1045 3802 Gysnes
1073 3717 1144 3782 fere

193 3828 302 3885 totam
326 3821 416 3885 ferro
438 3821 656 3903 flammisque
677 3818 950 3884 discurrentibus
972 3817 1145 3882 contrive-

192 3927 293 4000 runt;
314 3929 468 3986 castrum
491 3921 534 3983 de
552 3918 750 3983 Bruncham
772 3918 969 3982 obsidentes
990 3922 1144 3999 prostra-

192 4027 329 4097 verunt,
351 4020 411 4084 ubi
441 4019 568 4083 milites
595 4026 631 4082 et
657 4016 847 4083 servientes
868 4016 996 4080 multos
1018 4015 1062 4079 ad
1085 4015 1145 4078 de·

228 4191 427 4315 ffmm]
444 4196 569 4257 Compare
586 4194 666 4255 Brito,
683 4209 709 4255 p.
721 4197 753 4243 94
754 4207 851 4257 ,supp
873 4190 1149 4252 chror.deS.1›enis,

191 4280 219 4326 P·
