2970 5016
402 456 469 523 116
669 470 804 519 aoonnr
828 470 875 518 nn
897 469 1104 519 wsrvnovnn

243 643 366 687 auum·
405 627 495 695 Mihi
520 635 635 693 autern
660 629 851 692 certissime
875 634 1025 704 constat,
1050 627 1141 709 quod
1165 626 1262 690 locus
1285 625 1357 702 ille,

241 696 507 835 ffiffikuqnem
536 727 707 803 videbam,
739 747 808 791 non
839 734 914 790 erat
943 727 1067 789 caelum
1091 726 1267 802 caelorum,
1296 725 1357 787 ubi

243 795 300 836 ΕΜ
352 821 358 834 ’
405 825 579 889 videbitur
597 826 693 889 Deus
709 825 848 890 deorum
868 827 904 887 in
919 824 1015 901 Sion,
1034 825 1137 888 sicuti
1155 832 1209 887 est
1228 824 1263 886 in
1282 842 1358 886 ma-

401 925 532 1009 jestate
554 942 639 1000 sua;
664 924 723 987 sed
744 924 834 1000 inde,
856 931 988 986 remota
1003 924 1078 1006 jam
1100 923 1193 986 omni
1211 921 1356 986 difficul-

408 1030 481 1088 tate
498 1031 534 1086 et
550 1022 728 1098 dilatione,
746 1021 943 1086 ascenditur
959 1021 1001 1084 ad
1019 1022 1141 1084 caelum
1158 1019 1241 1083 illud
1259 1028 1357 1083 aeter-

409 1141 463 1184 nse
487 1120 638 1185 Deitatis
659 1120 790 1184 visione
811 1121 962 1183 beatum.
1016 1119 1059 1182 In
1084 1117 1148 1182 bac
1171 1127 1287 1182 tamen
1304 1120 1357 1182 vi-

408 1219 505 1282 sione
525 1226 659 1282 tantum
681 1218 812 1282 laetitiae
838 1226 873 1281 et
891 1216 1022 1298 gaudii,
1046 1224 1181 1281 tantum
1197 1217 1357 1299 jucundi-

409 1317 492 1383 tatis
512 1317 628 1380 animo
653 1317 794 1399 concepi
816 1325 852 1380 et
873 1315 1111 1392 exultationis,
1132 1323 1173 1378 ut
1192 1315 1357 1397 quicquid

408 1415 560 1479 bumana
581 1415 748 1497 explicari
775 1422 891 1497 potest
916 1414 1086 1478 industria
1108 1415 1222 1477 minus
1244 1414 1290 1476 sit
1312 1413 1357 1477 ad

408 1513 668 1595 exprimendum
693 1513 806 1579 cordis
828 1513 895 1576 mei
917 1512 1093 1593 gaudium,
1116 1512 1208 1596 qnod
1232 1511 1357 1575 ibidem

408 1611 568 1695 percepi?

499 1786 541 1851 Ut
556 1786 636 1851 idem
652 1786 815 1852 mermedis
830 1786 877 1850 ad
889 1807 999 1870 corpas
1014 1785 1277 1870 rodactasfaerit.

458 1910 546 1974 ‘His
565 1911 673 1991 igitur
694 1919 730 1975 et
751 1909 829 1974 aliis
855 1910 1044 1973 innumeris
1059 1910 1143 1973 visis
1166 1917 1201 1972 et
1218 1907 1359 1984 auditis,

407 2017 549 2073 sanctus
567 2009 601 2072 N
603 2009 734 2073 icolaus
751 2009 834 2071 milri
851 2010 1003 2073 breviter
1021 2017 1075 2073 est
1091 2009 1247 2086 locutus;
1271 2006 1359 2070 ‘Ec-

408 2105 471 2182 ce,’
490 2107 615 2190 inquit,
633 2107 717 2182 ‘fili,
735 2107 809 2190 jam
832 2127 896 2189 pro
919 2115 1031 2190 parte,
1048 2114 1088 2170 ut
1105 2106 1234 2190 petisti,
1251 2105 1360 2168 seculi

408 2211 551 2281 statum,
577 2205 731 2287 pericula
755 2207 955 2282 errantium,
982 2205 1151 2289 supplicia
1176 2205 1360 2281 malorum,

408 2312 634 2385 purgatorum
657 2304 819 2386 quietem,
838 2304 967 2384 gaudia
989 2325 1120 2381 eorum,
1142 2304 1201 2386 qui
1220 2303 1295 2386 jam
1313 2302 1358 2366 ad

408 2402 486 2467 caeli
527 2401 656 2467 curiam
694 2403 913 2486 perveniunt,
957 2403 1130 2486 passionis
1167 2402 1360 2466 Dominicae

409 2503 585 2585 mysteria,
602 2510 641 2566 ut
662 2502 725 2566 tibi
744 2501 809 2565 fuit
823 2502 986 2583 possibile
1002 2499 1225 2583 conspexisti.
1277 2499 1301 2564 J
1303 2519 1360 2563 am

408 2600 473 2666 tibi
492 2600 537 2664 ad
557 2609 636 2665 tuas
660 2601 767 2664 seculi
789 2600 997 2664 redeundum
1023 2608 1076 2664 est
1095 2617 1253 2683 pugnas;
1281 2618 1362 2681 per·

408 2699 516 2782 cipies
532 2708 661 2775 autern,
676 2700 705 2762 si
721 2700 995 2781 perseveraveris
1015 2699 1051 2761 in
1069 2699 1191 2762 timore
1207 2698 1361 2774 Domini,

408 2816 487 2879 qnae
511 2798 620 2862 oculis
647 2798 716 2863 tuis
737 2798 866 2874 vidisti,
890 2805 925 2860 et
950 2796 1060 2862 multo
1081 2797 1134 2860 his
1158 2796 1304 2880 majora,
1330 2798 1360 2860 si

409 2915 553 2978 corpore
583 2895 806 2960 immaculato
836 2904 871 2959 et
894 2896 996 2960 corde
1023 2896 1197 2959 innocenti
1227 2895 1360 2959 ultimae

409 2994 602 3058 vocationis
620 2993 711 3056 diem
728 3001 797 3057 tuae
819 2993 994 3058 studueris
1009 2993 1228 3077 praestolari!
1267 2992 1360 3057 Dum

408 3091 522 3156 adhuc
537 3110 670 3155 mecum
689 3092 773 3155 talia
790 3092 1001 3176 loqueretur,
1012 3093 1127 3158 subito
1136 3092 1255 3157 audire
1270 3093 1362 3177 coepi

409 3188 591 3253 classicum
624 3191 719 3253 mirae
751 3192 948 3269 suavitatis,
976 3193 1076 3274 quasi
1103 3192 1212 3255 totius
1242 3192 1361 3255 mundi

410 3305 599 3368 campanae,
617 3289 673 3352 vel
697 3291 860 3371 quicquid
887 3310 1049 3354 sonorum
1075 3298 1140 3367 est,
1162 3309 1233 3353 una
1257 3291 1361 3353 simul

410 3385 606 3467 pulsatione
622 3396 874 3453 concuteretur.
927 3389 970 3451 In
996 3389 1060 3454 hoc
1088 3390 1233 3453 classico
1257 3390 1362 3452 mira-

410 3486 489 3553 bilis
514 3486 670 3550 suavitas
692 3495 728 3550 et
744 3488 841 3551 varia
862 3488 1018 3551 melodiae
1040 3488 1237 3571 permixtio,
1264 3508 1362 3570 mag·

410 3583 565 3652 uitudine
584 3603 628 3647 an
644 3586 824 3649 dulcedine
848 3587 964 3650 nescio
986 3587 1065 3668 plus
1089 3586 1261 3668 stupenda
1283 3586 1360 3650 fuit.

411 3680 467 3749 Ad
486 3690 554 3746 tam
570 3683 746 3748 insolitum
766 3692 882 3748 autem
905 3685 1060 3748 auditum
1083 3685 1231 3750 sollicite
1247 3686 1362 3749 inten-

411 3788 468 3846 tus
491 3800 532 3844 ac
554 3782 695 3845 nimium
730 3784 844 3846 animo
868 3803 1068 3866 suspensus,
1090 3803 1172 3847 mox
1194 3792 1234 3847 ut
1260 3783 1365 3848 desiit

412 3879 535 3956 audiri,
558 3899 580 3943 a
596 3880 692 3943 ducis
709 3881 775 3943 mei
793 3883 958 3946 comitatu
972 3882 1159 3946 destitutus
1178 3882 1247 3961 fui3
1279 3883 1363 3947 viri·

412 3979 544 4060 busque
575 3977 729 4061 corporis
756 3980 977 4045 redeuntibus
1002 3990 1037 4047 et
1065 3981 1174 4045 oculis
1199 3982 1235 4043 in
1262 4001 1363 4045 usum

411 4077 549 4139 videndi
572 4076 768 4159 patefactis,
788 4080 942 4161 pristinae
965 4080 1181 4162 aegritudinis
1204 4081 1365 4144 molestia

410 4173 566 4239 funditus
588 4174 703 4239 deleta
722 4195 763 4239 ac
782 4177 960 4244 debilitate
980 4179 1117 4261 penitus
1135 4179 1290 4257 exclusa,
1305 4200 1365 4243 va-
