2970 5016
449 479 588 527 enonas
611 479 880 526 urs'rournnou.
1078 463 1144 526 357

194 635 378 713 Heresord,
400 634 437 699 J.
461 636 503 699 dc
528 637 673 719 Fereby,
691 636 737 700 R.
754 635 969 718 capellanum
994 634 1140 699 Roberti
1153 648 1202 738 ΑΒ
1204 650 1304 738 „133”oe

192 738 268 801 filii-
274 736 433 813 Walteri,
466 734 705 801 Alexandrum
739 736 781 799 de
814 736 977 810 Suttnna,
1003 734 1062 799 W.
1098 735 1302 839 deoffim·

193 836 374 912 colevilla,
394 836 438 899 R.
458 835 565 898 filium
583 836 670 919 ejus,
690 835 874 899 Osbertnm
891 835 934 897 de
954 835 1053 912 Bobi,
1073 834 1139 898 Os-

191 938 325 1000 bertum
338 934 485 1011 Giffard,
498 934 682 998 Nicolaum
697 936 739 998 de
756 934 954 1010 stutevilla,
970 934 1140 1000 Thomam

192 1036 234 1099 de
254 1035 449 1112 Muletune,
466 1035 559 1098 cives
573 1034 651 1098 illos
671 1034 918 1110 Londinenses,
936 1034 1138 1114 magistrum

192 1135 237 1200 G.
264 1134 520 1210 cancellarium,
550 1141 585 1197 et
608 1134 782 1198 civitatem
811 1132 1063 1197 Londinensem
1085 1154 1141 1197 ec-

191 1235 385 1298 clesiastico
407 1235 622 1316 suppositam
648 1232 831 1297 interdicto
855 1233 990 1316 publice
1007 1233 1140 1296 denun-

193 1335 298 1399 tietis.
344 1334 423 1397 Has
436 1353 519 1398 vero
535 1333 902 1397 excommunicationis
917 1339 951 1395 et
967 1332 1140 1397 interdicti

192 1434 383 1497 sententias
401 1435 437 1497 in
454 1433 608 1498 ecclesiis
627 1433 751 1496 vestris
769 1441 838 1495 tam
854 1432 1139 1496 conventualibus

193 1552 297 1615 qnam
320 1532 575 1615 parochialibus
599 1531 642 1595 ad
666 1551 730 1596 vos
754 1532 1004 1613 pertinentibus
1026 1532 1139 1614 publi-

193 1634 264 1695 cari
290 1651 330 1695 ac
352 1631 500 1714 singulis
522 1631 643 1695 diebus
666 1631 857 1695 Dominicis
878 1640 913 1696 et
934 1632 1068 1697 festivis
1090 1633 1139 1696 fa·

193 1732 293 1795 ciatis
315 1731 513 1795 solemniter
534 1732 704 1809 innovari,
726 1732 777 1796 ita
798 1732 982 1813 diligenter
1002 1732 1141 1814 singula

194 1830 347 1911 capitula
363 1830 516 1894 mandati
530 1830 712 1911 apostolici
727 1841 966 1914 exsequentes
984 1839 1019 1895 et
1034 1851 1140 1914 quan-

196 1937 269 1994 tum
291 1931 417 1994 advos
444 1930 595 2012 pertinet
614 1931 758 1994 firmiter
781 1932 1017 2007 observantes,
1040 1951 1083 1994 ne
1104 1932 1141 1994 in

195 2048 332 2111 poenam
357 2031 558 2093 canonicam
579 2038 614 2094 et
632 2031 893 2094 contumacibus
915 2030 1066 2094 debitam
1089 2030 1141 2093 in·

194 2127 328 2192 cidatis.
374 2128 522 2194 Valete.'
568 2129 637 2193 His
655 2131 761 2211 igitur
775 2130 1140 2194 excommunicationis

196 2235 231 2291 et
261 2228 434 2292 interdicti
467 2230 649 2293 sententiis
681 2250 742 2312 per
773 2237 882 2294 totam
910 2230 1074 2312 Angliam
1105 2230 1141 2292 in

194 2327 292 2390 brevi
310 2327 505 2408 publicatis
522 2348 599 2392 cum
615 2329 659 2392 ad
677 2330 828 2392 omnium
846 2331 1005 2394 notitiam
1021 2348 1143 2412 perve-

196 2426 340 2501 nissent,
357 2425 432 2489 sola
453 2428 577 2491 civitas
602 2427 857 2491 Londoniarum
880 2447 942 2509 per
963 2435 1142 2491 contuma-

195 2526 284 2589 ciam
299 2525 523 2607 multiplicem
540 2527 619 2590 illas
633 2527 720 2590 adeo
737 2527 986 2590 contemnendo
998 2527 1144 2609 despex-

195 2626 234 2702 it,
256 2625 347 2707 qnod
371 2645 435 2688 nec
460 2644 520 2689 eas
539 2627 685 2690 barones
708 2626 893 2690 observare
919 2645 982 2689 nec
1007 2626 1144 2708 praelati

196 2725 371 2805 publicare
397 2725 643 2805 decreverunt3
675 2725 835 2789 dicebant
857 2725 948 2787 enim
974 2725 1145 2806 generali-

197 2831 262 2899 ter,
279 2843 398 2887 omnes
420 2824 539 2888 literas
562 2824 650 2888 falsa
667 2825 890 2907 suggestione
910 2823 1016 2888 fuisse
1038 2825 1143 2906 impe

198 2930 308 2986 tratas
332 2931 367 2987 et
388 2923 466 2987 ideo
492 2922 620 2986 nullius
648 2944 707 2987 eas
737 2942 813 2988 esse
842 2925 1018 3000 momenti,
1041 2932 1144 2987 etex

196 3021 260 3086 boc
282 3024 446 3099 maxime,
469 3022 560 3105 quod
580 3043 648 3086 non
670 3025 820 3107 pertinet
841 3025 885 3088 ad
907 3044 1033 3109 papam
1056 3023 1145 3088 ordi-

198 3123 292 3186 natio
321 3142 434 3186 rerum
461 3123 640 3201 laicarum,
672 3144 750 3188 cum
784 3123 890 3188 Petro
922 3126 1081 3208 apostolo
1109 3132 1145 3188 et

197 3221 272 3304 ejus
290 3223 547 3286 successoribus
571 3243 638 3288 non
659 3224 724 3287 nisi
745 3223 1054 3289 ecclesiasticarum
1075 3224 1146 3287 dis·

196 3322 324 3403 positio
354 3341 467 3384 rerum
496 3341 518 3385 a
543 3323 694 3386 Domino
722 3323 767 3386 sit
794 3323 923 3387 collata
951 3316 1145 3405 ¹p0testas;

195 3420 322 3501 itaque,
341 3420 385 3483 ad
402 3421 576 3485 interdicti
593 3423 666 3485 sive
685 3422 1052 3487 excommnuicationis
1069 3440 1147 3485 sen·

195 3520 340 3583 tentiam
363 3519 497 3583 nullum
513 3521 652 3603 penitus
670 3521 836 3586 habentes
858 3529 1064 3604 respectum,
1086 3540 1148 3603 per

196 3626 306 3682 totam
336 3619 513 3683 civitatem
543 3620 762 3685 celebrarunt
784 3620 915 3697 divina,
943 3621 1044 3701 signa
1068 3620 1147 3701 pnl-

196 3727 314 3782 santes
336 3728 371 3781 et
391 3719 530 3782 vocibus
552 3719 709 3783 altisonis
732 3720 959 3783 modulantes.

192 3839 361 3847 ---..,.--.
392 3840 416 3844 ...
443 3839 468 3845 ..

233 3895 239 3923 ¹
253 3897 389 3961 Potestas]
414 3897 489 3945 Paris
505 3897 599 3946 breaks
616 3889 674 3944 out*
685 3901 729 3945 not
748 3897 838 3958 Peter3
860 3898 998 3957 ‘qnantum
1012 3896 1150 3948 dissimiles

196 3968 222 4015 in
234 3967 284 4016 this
296 3967 369 4028 place
381 3968 434 4015 into
445 3982 461 4014 a
471 3966 566 4015 violent
577 3967 661 4015 iuver·
687 3966 774 4028 Petro,
791 3968 836 4027 qui
859 3967 907 4015 sibi
933 3967 1003 4015 Petri
1026 3972 1150 4029 usurpent

194 4036 663 4099 tivengainstllomeandherbishops‚
687 4031 809 4097 parteml'

195 4121 224 4155 as
247 4105 374 4156 followers
394 4107 422 4154 ol
441 4106 594 4168 contention,
613 4105 662 4153 and
