2970 5016
452 459 589 508 rioms
615 459 884 510 ursroamaurr.
1077 445 1142 519 371

191 617 334 683 castello
353 625 389 682 et
405 625 480 681 tota
501 618 680 699 provincia
705 616 918 700 subjugavit.
974 616 1082 699 Hugo
1098 618 1141 681 de
1154 637 1275 677 nnana

194 716 335 783 Nevilla
357 716 400 779 ad
426 715 647 783 Lodowicnm
672 717 812 779 veniens
837 714 984 779 reddidit
1007 716 1039 779 ei
1063 735 1141 779 cas·

191 815 311 889 tellum
335 815 379 879 de
404 814 620 897 Merleberge
643 823 678 878 et
698 814 896 895 homagium
922 814 1015 879 lecit.
1067 815 1140 879 De·

191 913 270 977 inde
292 914 337 977 ad
362 912 528 991 Hodiam,
550 912 773 994 municipium
796 913 949 994 episcopi
966 912 1142 977 Wintoni-

191 1012 296 1089 ensis,
329 1011 535 1077 Lodowicus
564 1032 601 1075 se
632 1012 810 1075 conserens
841 1012 961 1073 turrim
993 1011 1139 1075 obsedit.

192 1100 304 1175 Erant
322 1118 438 1175 autem
459 1110 496 1173 in
515 1128 558 1173 ea
575 1116 645 1173 tres
664 1116 799 1173 tantum
821 1108 947 1172 milites
971 1116 1005 1172 et
1022 1108 1139 1173 decem

191 1210 393 1287 servientes,
419 1208 480 1290 qui
505 1215 705 1271 constanter
730 1206 919 1271 defensioni
945 1209 1138 1286 vacabant;

193 1327 272 1370 nam
292 1308 348 1373 die
369 1307 472 1371 tertio
495 1314 680 1389 postquam
711 1305 936 1386 Francigenae
962 1306 1140 1373 machinas

192 1425 274 1469 suas
311 1406 346 1467 in
379 1407 495 1468 orbern
530 1406 634 1468 turris
668 1404 895 1468 collocassent
927 1413 963 1467 et
990 1404 1139 1469 insultus

192 1504 377 1569 acerrimos
398 1513 434 1567 et
451 1505 589 1569 crebros
609 1502 784 1578 iecissent,
806 1502 966 1566 exierunt
986 1503 1030 1567 de
1053 1503 1140 1566 turri

191 1601 274 1665 dicti
292 1608 362 1665 tres
381 1602 509 1665 milites
531 1609 566 1665 et
586 1608 639 1665 tot
659 1600 860 1677 servientes,
884 1609 989 1682 atque
1013 1620 1058 1664 ex
1079 1599 1141 1663 ad-

192 1719 294 1763 versa
314 1707 414 1782 parte
435 1701 579 1764 totidem
604 1707 812 1780 occupantes
834 1698 959 1763 milites
983 1706 1019 1763 et
1034 1698 1140 1763 clien-

193 1799 343 1862 tessine
369 1799 422 1863 sui
449 1798 590 1863 laesione
617 1798 653 1860 in
675 1798 796 1861 turrim
822 1816 898 1861 sese
924 1810 1138 1878 receperunt.

193 1896 363 1980 Denique,
379 1897 560 1980 completis
574 1897 610 1960 in
627 1895 804 1973 obsidione
817 1902 897 1959 octo
913 1896 1046 1973 diebus,
1062 1896 1139 1958 red-

193 1994 351 2059 diderunt
379 1996 502 2067 turrim
533 1994 717 2058 Lodowico
745 2001 781 2058 et
808 1994 938 2075 egrossi
967 2002 1049 2058 sunt
1077 2013 1140 2057 nu-

192 2112 286 2157 mero
304 2093 467 2157 tredecim
483 2101 632 2170 tantum,
649 2092 757 2156 salvis
776 2092 842 2156 sibi
857 2093 956 2174 equis
971 2099 1006 2156 et
1022 2093 1140 2169 armis,

192 2190 227 2255 in
255 2209 382 2272 magna
409 2191 637 2257 admiratione
668 2190 891 2267 Francorum.
953 2190 1141 2255 Cesserunt

191 2288 298 2370 igitur
319 2289 356 2352 in
381 2297 588 2370 potestatem
614 2289 788 2353 Lodowici
810 2308 929 2352 omnes
953 2288 1139 2370 provinciae

192 2386 375 2463 australes,
408 2394 533 2469 praeter
566 2388 643 2452 sola
674 2387 818 2451 castella
851 2387 893 2449 de
930 2388 1071 2451 Dovera
1105 2397 1141 2450 et

192 2485 464 2564 windleshores,
487 2507 565 2569 quae
588 2486 717 2568 optime
742 2483 907 2549 militibus
935 2484 1070 2553 munita
1095 2485 1140 2547 ad

194 2582 368 2649 Lodowici
391 2603 468 2649 sese
491 2584 737 2668 praeparabant
758 2581 957 2646 adventum.
999 2581 1140 2645 Interea

192 2681 388 2747 Willelmus
412 2684 455 2747 de
479 2683 705 2761 Mandavilla,
735 2681 910 2745 Rohertus
935 2680 1139 2759 lilins7Wal·

195 2781 259 2844 teri
283 2787 318 2844 et
337 2780 536 2845 Willelmus
563 2780 606 2844 de
633 2778 899 2860 Hnntingefeld‚
921 2778 958 2841 in
984 2778 1140 2843 multitu·

194 2877 273 2941 dine
301 2879 401 2959 gravi
431 2878 579 2941 militum
610 2886 656 2953 et,
670 2878 847 2955 clientum,
875 2877 1070 2960 provincias
1096 2876 1140 2940 de

194 2975 341 3040 Rstsexe
364 2985 399 3041 et
424 2976 468 3040 de
496 2975 652 3041 Suthsolc
679 2976 864 3040 Lodowico
894 2975 1138 3059 subjugarunt.

194 3072 290 3138 Inter
311 3074 385 3139 haec
406 3075 521 3139 omnia
541 3095 603 3138 rex
621 3075 644 3139 J
648 3074 800 3140 ohannes
817 3066 977 3139 ¹castella
996 3074 1040 3139 de
1055 3074 1141 3140 Wa-

193 3170 375 3255 lingeford,
395 3171 438 3236 de
460 3172 556 3250 Cors,
578 3173 620 3237 de
636 3172 815 3249 Warham,
835 3173 878 3236 de
901 3173 1078 3250 Bristollo,
1097 3172 1140 3235 de

194 3270 338 3347 Divisis,
372 3279 408 3335 et
435 3272 516 3348 alia,
544 3291 624 3355 quae
655 3271 796 3352 longum
827 3278 881 3334 est
911 3270 1140 3346 dinumerare,

193 3358 371 3449 militibus,
393 3370 599 3434 victualibus
625 3377 662 3433 et
683 3370 789 3433 armis
813 3369 941 3450 optime
967 3367 1124 3430 munivit.

346 3539 431 3618 Quid
446 3540 551 3602 acatii
566 3539 724 3605 Lodowicr'
741 3541 846 3603 Roma
863 3539 990 3622 oper-im.

253 3660 359 3727 :Circa
391 3661 464 3725 dies
500 3662 587 3727 istos
619 3663 733 3726 nuntii
762 3660 950 3736 Lodowici,
978 3678 1066 3742 quos
1097 3657 1292 3764 adffllssll

193 3759 324 3841 curiam
361 3759 555 3824 Romanam
596 3761 748 3834 miserat,
781 3758 891 3823 eidem
929 3758 1142 3839 scripserunt
1151 3761 1302 3853 fffflgg'

191 3857 256 3921 sub
286 3856 352 3921 hac
381 3858 515 3938 lorma3
548 3857 877 3923 ‘Excellentissimo
906 3856 1044 3935 domino
1077 3863 1257 3923 suosme-

228 4030 359 4082 ¹Cortello
377 4035 406 4082 de
430 4033 608 4095 Welingcsord,
624 4035 654 4082 de
684 4037 741 4093 189,
752 4032 778 4082 b.
790 4032 874 4080 where
891 4045 934 4079 are
946 4031 1017 4078 write
1034 4029 1142 4090 relating

193 4102 263 4163 cnrs,
275 4136 282 4152 .
295 4139 303 4154 .
316 4138 324 4152 .
335 4104 365 4150 de
381 4097 504 4169 Divitia]
528 4102 653 4163 Compare
681 4107 708 4151 to
723 4102 766 4149 the
779 4098 936 4162 garrisoning
946 4098 990 4146 the
1007 4098 1100 4147 omues
1116 4097 1146 4146 ol

192 4172 287 4219 Patent
303 4171 386 4234 Rolls,
401 4173 652 4234 pp.1sp,b.18⁷,b.
680 4168 859 4232 Wnllingiord,
868 4166 1011 4231 nortem
1022 4167 1141 4216 Devizer.
