<?xml version="1.0" encoding="UTF-8"?>
<!DOCTYPE html PUBLIC "-//W3C//DTD XHTML 1.0 Transitional//EN"
    "http://www.w3.org/TR/xhtml1/DTD/xhtml1-transitional.dtd">
<html xmlns="http://www.w3.org/1999/xhtml" xml:lang="en" lang="en">
 <head>
  <title>
</title>
<meta http-equiv="Content-Type" content="text/html;charset=utf-8" />
  <meta name='ocr-system' content='tesseract 3.04.00' />
  <meta name='ocr-capabilities' content='ocr_page ocr_carea ocr_par ocr_line ocrx_word'/>
</head>
<body>
  <div class='ocr_page' id='page_1' title='image "./rogeridewendove08rogegoog_0122.png"; bbox 0 0 2970 5016; ppageno 0'>
   <div class='ocr_carea' id='block_1_1' title="bbox 405 461 1093 527">
    <p class='ocr_par' dir='ltr' id='par_1_1' title="bbox 405 461 1093 527">
     <span class='ocr_line' id='line_1_1' title="bbox 405 461 1093 527; baseline 0.003 -2"><span class='ocrx_word' id='word_1_1' title='bbox 405 476 544 526; x_wconf 82' lang='lat' dir='ltr'><strong>rnoens</strong></span> <span class='ocrx_word' id='word_1_2' title='bbox 568 478 839 527; x_wconf 79' lang='lat' dir='ltr'><strong>nrsronmnuu.</strong></span> <span class='ocrx_word' id='word_1_3' title='bbox 1029 461 1093 527; x_wconf 79' lang='grc'><strong>113</strong></span> 
     </span>
    </p>
   </div>
   <div class='ocr_carea' id='block_1_2' title="bbox 136 631 1255 1506">
    <p class='ocr_par' dir='ltr' id='par_1_2' title="bbox 138 631 1226 749">
     <span class='ocr_line' id='line_1_2' title="bbox 138 631 1226 749; baseline 0.005 -54"><span class='ocrx_word' id='word_1_4' title='bbox 138 631 208 696; x_wconf 89' lang='lat' dir='ltr'><strong>vidi</strong></span> <span class='ocrx_word' id='word_1_5' title='bbox 241 640 277 697; x_wconf 87' lang='lat' dir='ltr'><strong>et</strong></span> <span class='ocrx_word' id='word_1_6' title='bbox 309 633 450 746; x_wconf 80' lang='lat' dir='ltr'><strong>agnovi,</strong></span> <span class='ocrx_word' id='word_1_7' title='bbox 480 653 558 697; x_wconf 92' lang='lat' dir='ltr'><strong>cum</strong></span> <span class='ocrx_word' id='word_1_8' title='bbox 585 635 763 716; x_wconf 88' lang='lat' dir='ltr'><strong>spiritibus</strong></span> <span class='ocrx_word' id='word_1_9' title='bbox 786 634 961 717; x_wconf 88' lang='lat' dir='ltr'><strong>justorum</strong></span> <span class='ocrx_word' id='word_1_10' title='bbox 986 636 1090 701; x_wconf 86' lang='lat' dir='ltr'><strong>beata</strong></span> <span class='ocrx_word' id='word_1_11' title='bbox 1102 649 1186 749; x_wconf 45' lang='grc' dir='ltr'><strong>ἄξω</strong></span> <span class='ocrx_word' id='word_1_12' title='bbox 1153 652 1226 692; x_wconf 77' lang='lat'><strong>¹¹⁹⁶</strong></span> 
     </span>
    </p>

    <p class='ocr_par' dir='ltr' id='par_1_3' title="bbox 136 731 1255 1506">
     <span class='ocr_line' id='line_1_3' title="bbox 138 731 1255 840; baseline 0.006 -47"><span class='ocrx_word' id='word_1_13' title='bbox 138 732 253 813; x_wconf 89' lang='lat' dir='ltr'><strong>quiete</strong></span> <span class='ocrx_word' id='word_1_14' title='bbox 275 732 387 813; x_wconf 86' lang='lat' dir='ltr'><strong>poenis</strong></span> <span class='ocrx_word' id='word_1_15' title='bbox 409 731 567 795; x_wconf 90' lang='lat' dir='ltr'><strong>omnibus</strong></span> <span class='ocrx_word' id='word_1_16' title='bbox 593 740 804 814; x_wconf 83' lang='lat' dir='ltr'><strong>exemptum,</strong></span> <span class='ocrx_word' id='word_1_17' title='bbox 830 741 926 798; x_wconf 88' lang='lat' dir='ltr'><strong>certa</strong></span> <span class='ocrx_word' id='word_1_18' title='bbox 946 753 1149 840; x_wconf 60' lang='lat' dir='ltr'><strong>exspec-pa</strong></span> <span class='ocrx_word' id='word_1_19' title='bbox 1101 751 1149 789; x_wconf 79' lang='lat' dir='ltr'><strong>or</strong></span> <span class='ocrx_word' id='word_1_20' title='bbox 1156 752 1255 793; x_wconf 66' lang='lat' dir='ltr'><strong>montet</strong></span> 
     </span>
     <span class='ocr_line' id='line_1_4' title="bbox 136 799 1216 912; baseline 0.006 -20"><span class='ocrx_word' id='word_1_21' title='bbox 136 830 268 893; x_wconf 84' lang='lat' dir='ltr'><strong>tatione</strong></span> <span class='ocrx_word' id='word_1_22' title='bbox 289 829 416 893; x_wconf 88' lang='lat' dir='ltr'><strong>divinae</strong></span> <span class='ocrx_word' id='word_1_23' title='bbox 437 829 592 907; x_wconf 90' lang='lat' dir='ltr'><strong>visionis,</strong></span> <span class='ocrx_word' id='word_1_24' title='bbox 615 839 781 912; x_wconf 89' lang='lat' dir='ltr'><strong>quaerat</strong></span> <span class='ocrx_word' id='word_1_25' title='bbox 803 834 1087 911; x_wconf 81' lang='lat' dir='ltr'><strong>remunerandus,</strong></span> <span class='ocrx_word' id='word_1_26' title='bbox 1101 799 1216 841; x_wconf 58' lang='lat' dir='ltr'><strong>mm</strong></span> 
     </span>
     <span class='ocr_line' id='line_1_5' title="bbox 137 927 1088 1013; baseline 0.006 -23"><span class='ocrx_word' id='word_1_27' title='bbox 137 927 454 1009; x_wconf 79' lang='lat' dir='ltr'><strong>incomparabiliter</strong></span> <span class='ocrx_word' id='word_1_28' title='bbox 467 928 646 993; x_wconf 88' lang='lat' dir='ltr'><strong>laetiorem.</strong></span> <span class='ocrx_word' id='word_1_29' title='bbox 681 928 724 992; x_wconf 92' lang='lat' dir='ltr'><strong>In</strong></span> <span class='ocrx_word' id='word_1_30' title='bbox 741 930 868 993; x_wconf 88' lang='lat' dir='ltr'><strong>eisdem</strong></span> <span class='ocrx_word' id='word_1_31' title='bbox 882 931 967 995; x_wconf 86' lang='lat' dir='ltr'><strong>locis</strong></span> <span class='ocrx_word' id='word_1_32' title='bbox 981 952 1088 1013; x_wconf 90' lang='lat' dir='ltr'><strong>quen·</strong></span> 
     </span>
     <span class='ocr_line' id='line_1_6' title="bbox 138 1025 1090 1109; baseline 0.006 -21"><span class='ocrx_word' id='word_1_33' title='bbox 138 1025 217 1088; x_wconf 89' lang='lat' dir='ltr'><strong>dam</strong></span> <span class='ocrx_word' id='word_1_34' title='bbox 236 1026 307 1090; x_wconf 90' lang='lat' dir='ltr'><strong>vidi</strong></span> <span class='ocrx_word' id='word_1_35' title='bbox 330 1027 556 1103; x_wconf 88' lang='lat' dir='ltr'><strong>sacerdotem,</strong></span> <span class='ocrx_word' id='word_1_36' title='bbox 578 1028 732 1109; x_wconf 86' lang='lat' dir='ltr'><strong>quicum</strong></span> <span class='ocrx_word' id='word_1_37' title='bbox 750 1030 850 1092; x_wconf 85' lang='lat' dir='ltr'><strong>bonae</strong></span> <span class='ocrx_word' id='word_1_38' title='bbox 869 1030 950 1093; x_wconf 81' lang='lat' dir='ltr'><strong>vitae</strong></span> <span class='ocrx_word' id='word_1_39' title='bbox 973 1048 1090 1094; x_wconf 84' lang='lat' dir='ltr'><strong>exem-</strong></span> 
     </span>
     <span class='ocr_line' id='line_1_7' title="bbox 137 1124 1089 1212; baseline 0.005 -24"><span class='ocrx_word' id='word_1_40' title='bbox 137 1124 204 1205; x_wconf 90' lang='lat' dir='ltr'><strong>plis</strong></span> <span class='ocrx_word' id='word_1_41' title='bbox 226 1125 277 1188; x_wconf 86' lang='lat' dir='ltr'><strong>ita</strong></span> <span class='ocrx_word' id='word_1_42' title='bbox 299 1125 448 1205; x_wconf 85' lang='lat' dir='ltr'><strong>gratiam</strong></span> <span class='ocrx_word' id='word_1_43' title='bbox 470 1126 725 1206; x_wconf 79' lang='lat' dir='ltr'><strong>praedicationis</strong></span> <span class='ocrx_word' id='word_1_44' title='bbox 752 1127 901 1191; x_wconf 87' lang='lat' dir='ltr'><strong>habebat</strong></span> <span class='ocrx_word' id='word_1_45' title='bbox 923 1129 1089 1212; x_wconf 91' lang='lat' dir='ltr'><strong>conjunc-</strong></span> 
     </span>
     <span class='ocr_line' id='line_1_8' title="bbox 138 1223 1085 1307; baseline 0.007 -22"><span class='ocrx_word' id='word_1_46' title='bbox 138 1230 221 1299; x_wconf 86' lang='lat' dir='ltr'><strong>tam,</strong></span> <span class='ocrx_word' id='word_1_47' title='bbox 237 1230 277 1286; x_wconf 90' lang='lat' dir='ltr'><strong>ut</strong></span> <span class='ocrx_word' id='word_1_48' title='bbox 292 1242 362 1286; x_wconf 91' lang='lat' dir='ltr'><strong>non</strong></span> <span class='ocrx_word' id='word_1_49' title='bbox 377 1223 490 1287; x_wconf 91' lang='lat' dir='ltr'><strong>solum</strong></span> <span class='ocrx_word' id='word_1_50' title='bbox 504 1224 540 1285; x_wconf 89' lang='lat' dir='ltr'><strong>in</strong></span> <span class='ocrx_word' id='word_1_51' title='bbox 557 1224 728 1305; x_wconf 88' lang='lat' dir='ltr'><strong>parochiis</strong></span> <span class='ocrx_word' id='word_1_52' title='bbox 746 1244 833 1307; x_wconf 87' lang='lat' dir='ltr'><strong>quas</strong></span> <span class='ocrx_word' id='word_1_53' title='bbox 854 1229 1009 1307; x_wconf 88' lang='lat' dir='ltr'><strong>regebat,</strong></span> <span class='ocrx_word' id='word_1_54' title='bbox 1026 1229 1085 1291; x_wconf 88' lang='lat' dir='ltr'><strong>sad</strong></span> 
     </span>
     <span class='ocr_line' id='line_1_9' title="bbox 138 1321 1087 1403; baseline 0.005 -19"><span class='ocrx_word' id='word_1_55' title='bbox 138 1327 175 1384; x_wconf 87' lang='lat' dir='ltr'><strong>et</strong></span> <span class='ocrx_word' id='word_1_56' title='bbox 195 1322 360 1403; x_wconf 92' lang='lat' dir='ltr'><strong>populum</strong></span> <span class='ocrx_word' id='word_1_57' title='bbox 379 1321 483 1402; x_wconf 90' lang='lat' dir='ltr'><strong>longe</strong></span> <span class='ocrx_word' id='word_1_58' title='bbox 502 1323 651 1403; x_wconf 91' lang='lat' dir='ltr'><strong>positum</strong></span> <span class='ocrx_word' id='word_1_59' title='bbox 676 1342 698 1385; x_wconf 93' lang='lat' dir='ltr'><strong>a</strong></span> <span class='ocrx_word' id='word_1_60' title='bbox 715 1323 913 1387; x_wconf 86' lang='lat' dir='ltr'><strong>criminibus</strong></span> <span class='ocrx_word' id='word_1_61' title='bbox 932 1326 1087 1389; x_wconf 84' lang='lat' dir='ltr'><strong>mortife-</strong></span> 
     </span>
     <span class='ocr_line' id='line_1_10' title="bbox 141 1419 1088 1506; baseline 0.005 -25"><span class='ocrx_word' id='word_1_62' title='bbox 141 1419 187 1481; x_wconf 89' lang='lat' dir='ltr'><strong>ris</strong></span> <span class='ocrx_word' id='word_1_63' title='bbox 211 1420 409 1496; x_wconf 82' lang='lat' dir='ltr'><strong>revocabat,</strong></span> <span class='ocrx_word' id='word_1_64' title='bbox 438 1428 556 1501; x_wconf 87' lang='lat' dir='ltr'><strong>atque,</strong></span> <span class='ocrx_word' id='word_1_65' title='bbox 583 1421 660 1484; x_wconf 89' lang='lat' dir='ltr'><strong>Deo</strong></span> <span class='ocrx_word' id='word_1_66' title='bbox 687 1429 904 1503; x_wconf 86' lang='lat' dir='ltr'><strong>cooperante,</strong></span> <span class='ocrx_word' id='word_1_67' title='bbox 926 1422 1003 1486; x_wconf 91' lang='lat' dir='ltr'><strong>aliis</strong></span> <span class='ocrx_word' id='word_1_68' title='bbox 1026 1444 1088 1506; x_wconf 89' lang='lat' dir='ltr'><strong>per</strong></span> 
     </span>
    </p>
   </div>
   <div class='ocr_carea' id='block_1_3' title="bbox 139 1518 1062 1601">
    <p class='ocr_par' dir='ltr' id='par_1_4' title="bbox 139 1518 1062 1601">
     <span class='ocr_line' id='line_1_11' title="bbox 139 1518 1062 1601; baseline 0.004 -20"><span class='ocrx_word' id='word_1_69' title='bbox 139 1537 217 1581; x_wconf 88' lang='lat' dir='ltr'><strong>eum</strong></span> <span class='ocrx_word' id='word_1_70' title='bbox 234 1519 351 1582; x_wconf 89' lang='lat' dir='ltr'><strong>multis</strong></span> <span class='ocrx_word' id='word_1_71' title='bbox 367 1538 408 1582; x_wconf 90' lang='lat' dir='ltr'><strong>ac</strong></span> <span class='ocrx_word' id='word_1_72' title='bbox 424 1518 490 1582; x_wconf 88' lang='lat' dir='ltr'><strong>sibi</strong></span> <span class='ocrx_word' id='word_1_73' title='bbox 506 1519 746 1583; x_wconf 85' lang='lat' dir='ltr'><strong>inenarrabilis</strong></span> <span class='ocrx_word' id='word_1_74' title='bbox 760 1519 872 1601; x_wconf 91' lang='lat' dir='ltr'><strong>gloria</strong></span> <span class='ocrx_word' id='word_1_75' title='bbox 886 1523 1062 1585; x_wconf 68' lang='lat' dir='ltr'><strong>restabat!</strong></span> 
     </span>
    </p>
   </div>
   <div class='ocr_carea' id='block_1_4' title="bbox 152 1691 1068 1780">
    <p class='ocr_par' dir='ltr' id='par_1_5' title="bbox 152 1691 1068 1780">
     <span class='ocr_line' id='line_1_12' title="bbox 152 1691 1068 1780; baseline 0 -22"><span class='ocrx_word' id='word_1_76' title='bbox 152 1694 203 1758; x_wconf 82' lang='lat' dir='ltr'><strong>De</strong></span> <span class='ocrx_word' id='word_1_77' title='bbox 213 1695 341 1760; x_wconf 71' lang='lat' dir='ltr'><strong>meando</strong></span> <span class='ocrx_word' id='word_1_78' title='bbox 356 1693 419 1760; x_wconf 77' lang='lat' dir='ltr'><strong>loeo</strong></span> <span class='ocrx_word' id='word_1_79' title='bbox 434 1694 544 1780; x_wconf 74' lang='lat' dir='ltr'><strong>quietis</strong></span> <span class='ocrx_word' id='word_1_80' title='bbox 558 1703 586 1758; x_wconf 80' lang='lat' dir='ltr'><strong>et</strong></span> <span class='ocrx_word' id='word_1_81' title='bbox 596 1693 701 1780; x_wconf 70' lang='lat' dir='ltr'><strong>ylario</strong></span> <span class='ocrx_word' id='word_1_82' title='bbox 716 1691 829 1759; x_wconf 81' lang='lat' dir='ltr'><strong>ididem</strong></span> <span class='ocrx_word' id='word_1_83' title='bbox 843 1692 1068 1779; x_wconf 67' lang='lat' dir='ltr'><strong>quiescentium.</strong></span> 
     </span>
    </p>
   </div>
   <div class='ocr_carea' id='block_1_5' title="bbox 134 1817 1176 3873">
    <p class='ocr_par' dir='ltr' id='par_1_6' title="bbox 134 1817 1176 3873">
     <span class='ocr_line' id='line_1_13' title="bbox 189 1817 1089 1901; baseline 0.001 -20"><span class='ocrx_word' id='word_1_84' title='bbox 189 1822 201 1853; x_wconf 88' lang='lat'>‘</span> <span class='ocrx_word' id='word_1_85' title='bbox 217 1818 312 1882; x_wconf 90' lang='lat' dir='ltr'><strong>Hinc</strong></span> <span class='ocrx_word' id='word_1_86' title='bbox 330 1826 447 1883; x_wconf 89' lang='lat' dir='ltr'><strong>autem</strong></span> <span class='ocrx_word' id='word_1_87' title='bbox 466 1819 510 1882; x_wconf 89' lang='lat' dir='ltr'><strong>ad</strong></span> <span class='ocrx_word' id='word_1_88' title='bbox 528 1818 693 1882; x_wconf 89' lang='lat' dir='ltr'><strong>interiora</strong></span> <span class='ocrx_word' id='word_1_89' title='bbox 709 1817 886 1901; x_wconf 81' lang='lat' dir='ltr'><strong>praedictae</strong></span> <span class='ocrx_word' id='word_1_90' title='bbox 906 1818 1089 1882; x_wconf 88' lang='lat' dir='ltr'><strong>amoenita-</strong></span> 
     </span>
     <span class='ocr_line' id='line_1_14' title="bbox 139 1915 1087 2000; baseline 0 -19"><span class='ocrx_word' id='word_1_91' title='bbox 139 1916 186 1981; x_wconf 90' lang='lat' dir='ltr'><strong>tis</strong></span> <span class='ocrx_word' id='word_1_92' title='bbox 209 1917 287 1982; x_wconf 91' lang='lat' dir='ltr'><strong>loca</strong></span> <span class='ocrx_word' id='word_1_93' title='bbox 309 1918 532 1999; x_wconf 84' lang='lat' dir='ltr'><strong>pergentibus</strong></span> <span class='ocrx_word' id='word_1_94' title='bbox 553 1917 665 2000; x_wconf 91' lang='lat' dir='ltr'><strong>major</strong></span> <span class='ocrx_word' id='word_1_95' title='bbox 686 1936 822 1999; x_wconf 90' lang='lat' dir='ltr'><strong>semper</strong></span> <span class='ocrx_word' id='word_1_96' title='bbox 847 1923 883 1980; x_wconf 92' lang='lat' dir='ltr'><strong>et</strong></span> <span class='ocrx_word' id='word_1_97' title='bbox 903 1915 991 1980; x_wconf 87' lang='lat' dir='ltr'><strong>lucis</strong></span> <span class='ocrx_word' id='word_1_98' title='bbox 1015 1917 1087 1981; x_wconf 89' lang='lat' dir='ltr'><strong>cla-</strong></span> 
     </span>
     <span class='ocr_line' id='line_1_15' title="bbox 137 2015 1088 2098; baseline 0.001 -19"><span class='ocrx_word' id='word_1_99' title='bbox 137 2016 237 2094; x_wconf 86' lang='lat' dir='ltr'><strong>ritas,</strong></span> <span class='ocrx_word' id='word_1_100' title='bbox 262 2024 299 2081; x_wconf 89' lang='lat' dir='ltr'><strong>et</strong></span> <span class='ocrx_word' id='word_1_101' title='bbox 320 2015 438 2080; x_wconf 90' lang='lat' dir='ltr'><strong>odoris</strong></span> <span class='ocrx_word' id='word_1_102' title='bbox 465 2016 633 2092; x_wconf 86' lang='lat' dir='ltr'><strong>suavitas,</strong></span> <span class='ocrx_word' id='word_1_103' title='bbox 662 2015 858 2098; x_wconf 89' lang='lat' dir='ltr'><strong>candorque</strong></span> <span class='ocrx_word' id='word_1_104' title='bbox 880 2015 1006 2079; x_wconf 90' lang='lat' dir='ltr'><strong>ibidem</strong></span> <span class='ocrx_word' id='word_1_105' title='bbox 1029 2016 1088 2080; x_wconf 89' lang='lat' dir='ltr'><strong>de-</strong></span> 
     </span>
     <span class='ocr_line' id='line_1_16' title="bbox 138 2113 1089 2197; baseline -0.001 -19"><span class='ocrx_word' id='word_1_106' title='bbox 138 2115 294 2197; x_wconf 89' lang='lat' dir='ltr'><strong>gentium</strong></span> <span class='ocrx_word' id='word_1_107' title='bbox 315 2122 351 2179; x_wconf 89' lang='lat' dir='ltr'><strong>et</strong></span> <span class='ocrx_word' id='word_1_108' title='bbox 369 2114 573 2197; x_wconf 90' lang='lat' dir='ltr'><strong>jucunditas</strong></span> <span class='ocrx_word' id='word_1_109' title='bbox 594 2114 779 2178; x_wconf 86' lang='lat' dir='ltr'><strong>arridebat.</strong></span> <span class='ocrx_word' id='word_1_110' title='bbox 840 2113 970 2177; x_wconf 87' lang='lat' dir='ltr'><strong>Omnes</strong></span> <span class='ocrx_word' id='word_1_111' title='bbox 994 2135 1089 2192; x_wconf 87' lang='lat' dir='ltr'><strong>vero,</strong></span> 
     </span>
     <span class='ocr_line' id='line_1_17' title="bbox 138 2211 1089 2296; baseline 0.002 -20"><span class='ocrx_word' id='word_1_112' title='bbox 138 2232 226 2296; x_wconf 90' lang='lat' dir='ltr'><strong>qnos</strong></span> <span class='ocrx_word' id='word_1_113' title='bbox 245 2214 343 2277; x_wconf 91' lang='lat' dir='ltr'><strong>locus</strong></span> <span class='ocrx_word' id='word_1_114' title='bbox 364 2213 431 2277; x_wconf 87' lang='lat' dir='ltr'><strong>iste</strong></span> <span class='ocrx_word' id='word_1_115' title='bbox 450 2219 558 2289; x_wconf 90' lang='lat' dir='ltr'><strong>tenet,</strong></span> <span class='ocrx_word' id='word_1_116' title='bbox 576 2232 734 2296; x_wconf 80' lang='lat' dir='ltr'><strong>supemae</strong></span> <span class='ocrx_word' id='word_1_117' title='bbox 755 2211 975 2277; x_wconf 88' lang='lat' dir='ltr'><strong>Hierusalem</strong></span> <span class='ocrx_word' id='word_1_118' title='bbox 996 2213 1089 2278; x_wconf 88' lang='lat' dir='ltr'><strong>cives</strong></span> 
     </span>
     <span class='ocr_line' id='line_1_18' title="bbox 139 2309 1088 2394; baseline 0 -18"><span class='ocrx_word' id='word_1_119' title='bbox 139 2319 222 2376; x_wconf 90' lang='lat' dir='ltr'><strong>sunt</strong></span> <span class='ocrx_word' id='word_1_120' title='bbox 244 2311 422 2394; x_wconf 82' lang='lat' dir='ltr'><strong>adscripti,</strong></span> <span class='ocrx_word' id='word_1_121' title='bbox 450 2312 511 2393; x_wconf 91' lang='lat' dir='ltr'><strong>qui</strong></span> <span class='ocrx_word' id='word_1_122' title='bbox 535 2330 659 2393; x_wconf 90' lang='lat' dir='ltr'><strong>poenas</strong></span> <span class='ocrx_word' id='word_1_123' title='bbox 684 2309 865 2375; x_wconf 87' lang='lat' dir='ltr'><strong>universas</strong></span> <span class='ocrx_word' id='word_1_124' title='bbox 893 2318 964 2376; x_wconf 91' lang='lat' dir='ltr'><strong>tam</strong></span> <span class='ocrx_word' id='word_1_125' title='bbox 988 2312 1088 2377; x_wconf 86' lang='lat' dir='ltr'><strong>facile</strong></span> 
     </span>
     <span class='ocr_line' id='line_1_19' title="bbox 140 2409 1088 2492; baseline 0.003 -19"><span class='ocrx_word' id='word_1_126' title='bbox 140 2411 363 2487; x_wconf 88' lang='lat' dir='ltr'><strong>transierant,</strong></span> <span class='ocrx_word' id='word_1_127' title='bbox 382 2416 486 2492; x_wconf 92' lang='lat' dir='ltr'><strong>prout</strong></span> <span class='ocrx_word' id='word_1_128' title='bbox 501 2410 596 2473; x_wconf 88' lang='lat' dir='ltr'><strong>vitiis</strong></span> <span class='ocrx_word' id='word_1_129' title='bbox 614 2409 795 2473; x_wconf 88' lang='lat' dir='ltr'><strong>mundanis</strong></span> <span class='ocrx_word' id='word_1_130' title='bbox 817 2409 931 2473; x_wconf 93' lang='lat' dir='ltr'><strong>minus</strong></span> <span class='ocrx_word' id='word_1_131' title='bbox 949 2409 1088 2476; x_wconf 84' lang='lat' dir='ltr'><strong>fuerant</strong></span> 
     </span>
     <span class='ocr_line' id='line_1_20' title="bbox 139 2507 1089 2593; baseline -0.002 -20"><span class='ocrx_word' id='word_1_132' title='bbox 139 2508 275 2574; x_wconf 86' lang='lat' dir='ltr'><strong>irretiti.</strong></span> <span class='ocrx_word' id='word_1_133' title='bbox 328 2508 373 2572; x_wconf 88' lang='lat' dir='ltr'><strong>Et</strong></span> <span class='ocrx_word' id='word_1_134' title='bbox 389 2528 467 2590; x_wconf 88' lang='lat' dir='ltr'><strong>quae</strong></span> <span class='ocrx_word' id='word_1_135' title='bbox 479 2507 554 2593; x_wconf 90' lang='lat' dir='ltr'><strong>jam</strong></span> <span class='ocrx_word' id='word_1_136' title='bbox 571 2508 745 2591; x_wconf 80' lang='lat' dir='ltr'><strong>progressi</strong></span> <span class='ocrx_word' id='word_1_137' title='bbox 761 2507 922 2584; x_wconf 90' lang='lat' dir='ltr'><strong>vidimus,</strong></span> <span class='ocrx_word' id='word_1_138' title='bbox 938 2528 1008 2571; x_wconf 94' lang='lat' dir='ltr'><strong>non</strong></span> <span class='ocrx_word' id='word_1_139' title='bbox 1022 2510 1089 2571; x_wconf 86' lang='lat' dir='ltr'><strong>lin·</strong></span> 
     </span>
     <span class='ocr_line' id='line_1_21' title="bbox 140 2606 1087 2690; baseline -0.004 -16"><span class='ocrx_word' id='word_1_140' title='bbox 140 2627 212 2690; x_wconf 83' lang='lat' dir='ltr'><strong>gua</strong></span> <span class='ocrx_word' id='word_1_141' title='bbox 228 2614 398 2684; x_wconf 85' lang='lat' dir='ltr'><strong>retexere,</strong></span> <span class='ocrx_word' id='word_1_142' title='bbox 417 2627 487 2671; x_wconf 93' lang='lat' dir='ltr'><strong>non</strong></span> <span class='ocrx_word' id='word_1_143' title='bbox 506 2607 609 2689; x_wconf 88' lang='lat' dir='ltr'><strong>digne</strong></span> <span class='ocrx_word' id='word_1_144' title='bbox 625 2607 719 2671; x_wconf 89' lang='lat' dir='ltr'><strong>valet</strong></span> <span class='ocrx_word' id='word_1_145' title='bbox 735 2606 887 2670; x_wconf 88' lang='lat' dir='ltr'><strong>humana</strong></span> <span class='ocrx_word' id='word_1_146' title='bbox 905 2606 1087 2670; x_wconf 85' lang='lat' dir='ltr'><strong>infirmitas</strong></span> 
     </span>
     <span class='ocr_line' id='line_1_22' title="bbox 139 2704 1089 2789; baseline -0.003 -19"><span class='ocrx_word' id='word_1_147' title='bbox 139 2707 335 2789; x_wconf 81' lang='lat' dir='ltr'><strong>explicare3</strong></span> <span class='ocrx_word' id='word_1_148' title='bbox 360 2705 438 2788; x_wconf 91' lang='lat' dir='ltr'><strong>quis</strong></span> <span class='ocrx_word' id='word_1_149' title='bbox 457 2705 546 2769; x_wconf 91' lang='lat' dir='ltr'><strong>enim</strong></span> <span class='ocrx_word' id='word_1_150' title='bbox 569 2705 674 2786; x_wconf 83' lang='lat' dir='ltr'><strong>digne</strong></span> <span class='ocrx_word' id='word_1_151' title='bbox 691 2704 805 2769; x_wconf 89' lang='lat' dir='ltr'><strong>verbis</strong></span> <span class='ocrx_word' id='word_1_152' title='bbox 821 2711 986 2786; x_wconf 84' lang='lat' dir='ltr'><strong>exponat,</strong></span> <span class='ocrx_word' id='word_1_153' title='bbox 1004 2724 1089 2785; x_wconf 86' lang='lat' dir='ltr'><strong>qua-</strong></span> 
     </span>
     <span class='ocr_line' id='line_1_23' title="bbox 140 2803 1088 2887; baseline -0.002 -19"><span class='ocrx_word' id='word_1_154' title='bbox 140 2805 219 2869; x_wconf 90' lang='lat' dir='ltr'><strong>liter</strong></span> <span class='ocrx_word' id='word_1_155' title='bbox 233 2804 270 2869; x_wconf 93' lang='lat' dir='ltr'><strong>in</strong></span> <span class='ocrx_word' id='word_1_156' title='bbox 286 2803 398 2869; x_wconf 92' lang='lat' dir='ltr'><strong>medio</strong></span> <span class='ocrx_word' id='word_1_157' title='bbox 414 2805 595 2887; x_wconf 89' lang='lat' dir='ltr'><strong>spirituum</strong></span> <span class='ocrx_word' id='word_1_158' title='bbox 612 2805 804 2879; x_wconf 89' lang='lat' dir='ltr'><strong>beatorum,</strong></span> <span class='ocrx_word' id='word_1_159' title='bbox 819 2822 964 2885; x_wconf 89' lang='lat' dir='ltr'><strong>quorum</strong></span> <span class='ocrx_word' id='word_1_160' title='bbox 980 2803 1088 2866; x_wconf 88' lang='lat' dir='ltr'><strong>millia</strong></span> 
     </span>
     <span class='ocr_line' id='line_1_24' title="bbox 139 2901 1087 2982; baseline -0.003 -14"><span class='ocrx_word' id='word_1_161' title='bbox 139 2903 276 2968; x_wconf 86' lang='lat' dir='ltr'><strong>infinita</strong></span> <span class='ocrx_word' id='word_1_162' title='bbox 295 2902 343 2967; x_wconf 93' lang='lat' dir='ltr'><strong>ibi</strong></span> <span class='ocrx_word' id='word_1_163' title='bbox 358 2904 639 2980; x_wconf 87' lang='lat' dir='ltr'><strong>circumstabant,</strong></span> <span class='ocrx_word' id='word_1_164' title='bbox 662 2903 757 2966; x_wconf 88' lang='lat' dir='ltr'><strong>velut</strong></span> <span class='ocrx_word' id='word_1_165' title='bbox 771 2901 1037 2982; x_wconf 87' lang='lat' dir='ltr'><strong>praesentialiter</strong></span> <span class='ocrx_word' id='word_1_166' title='bbox 1051 2902 1087 2965; x_wconf 92' lang='lat' dir='ltr'><strong>in</strong></span> 
     </span>
     <span class='ocr_line' id='line_1_25' title="bbox 139 3000 1087 3084; baseline -0.002 -18"><span class='ocrx_word' id='word_1_167' title='bbox 139 3001 205 3066; x_wconf 90' lang='lat' dir='ltr'><strong>hac</strong></span> <span class='ocrx_word' id='word_1_168' title='bbox 226 3021 329 3067; x_wconf 89' lang='lat' dir='ltr'><strong>sacra</strong></span> <span class='ocrx_word' id='word_1_169' title='bbox 348 3001 566 3066; x_wconf 87' lang='lat' dir='ltr'><strong>solemnitate</strong></span> <span class='ocrx_word' id='word_1_170' title='bbox 588 3001 760 3084; x_wconf 84' lang='lat' dir='ltr'><strong>passionis</strong></span> <span class='ocrx_word' id='word_1_171' title='bbox 785 3000 990 3077; x_wconf 88' lang='lat' dir='ltr'><strong>Dominicae,</strong></span> <span class='ocrx_word' id='word_1_172' title='bbox 1010 3001 1087 3082; x_wconf 91' lang='lat' dir='ltr'><strong>pius</strong></span> 
     </span>
     <span class='ocr_line' id='line_1_26' title="bbox 139 3099 1088 3183; baseline -0.002 -18"><span class='ocrx_word' id='word_1_173' title='bbox 139 3100 281 3165; x_wconf 90' lang='lat' dir='ltr'><strong>humani</strong></span> <span class='ocrx_word' id='word_1_174' title='bbox 307 3100 444 3183; x_wconf 89' lang='lat' dir='ltr'><strong>generis</strong></span> <span class='ocrx_word' id='word_1_175' title='bbox 472 3099 696 3182; x_wconf 87' lang='lat' dir='ltr'><strong>Redemptor,</strong></span> <span class='ocrx_word' id='word_1_176' title='bbox 723 3107 889 3181; x_wconf 88' lang='lat' dir='ltr'><strong>tanquam</strong></span> <span class='ocrx_word' id='word_1_177' title='bbox 915 3099 951 3162; x_wconf 93' lang='lat' dir='ltr'><strong>in</strong></span> <span class='ocrx_word' id='word_1_178' title='bbox 976 3099 1088 3163; x_wconf 89' lang='lat' dir='ltr'><strong>crucis</strong></span> 
     </span>
     <span class='ocr_line' id='line_1_27' title="bbox 139 3198 1176 3283; baseline -0.001 -20"><span class='ocrx_word' id='word_1_179' title='bbox 139 3200 258 3283; x_wconf 87' lang='lat' dir='ltr'><strong>stipite</strong></span> <span class='ocrx_word' id='word_1_180' title='bbox 275 3218 462 3282; x_wconf 90' lang='lat' dir='ltr'><strong>appensus,</strong></span> <span class='ocrx_word' id='word_1_181' title='bbox 482 3198 629 3280; x_wconf 86' lang='lat' dir='ltr'><strong>flagellis</strong></span> <span class='ocrx_word' id='word_1_182' title='bbox 653 3206 728 3262; x_wconf 91' lang='lat' dir='ltr'><strong>toto</strong></span> <span class='ocrx_word' id='word_1_183' title='bbox 747 3218 890 3281; x_wconf 90' lang='lat' dir='ltr'><strong>corpore</strong></span> <span class='ocrx_word' id='word_1_184' title='bbox 912 3206 1087 3276; x_wconf 90' lang='lat' dir='ltr'><strong>cruentus,</strong></span> <span class='ocrx_word' id='word_1_185' title='bbox 1173 3216 1176 3221; x_wconf 86' lang='lat'>·</span> 
     </span>
     <span class='ocr_line' id='line_1_28' title="bbox 139 3297 1089 3381; baseline -0.002 -20"><span class='ocrx_word' id='word_1_186' title='bbox 139 3299 253 3381; x_wconf 89' lang='lat' dir='ltr'><strong>sputis</strong></span> <span class='ocrx_word' id='word_1_187' title='bbox 269 3298 527 3374; x_wconf 88' lang='lat' dir='ltr'><strong>dehonestatus,</strong></span> <span class='ocrx_word' id='word_1_188' title='bbox 545 3298 653 3379; x_wconf 92' lang='lat' dir='ltr'><strong>spinis</strong></span> <span class='ocrx_word' id='word_1_189' title='bbox 668 3305 865 3374; x_wconf 89' lang='lat' dir='ltr'><strong>coronatus,</strong></span> <span class='ocrx_word' id='word_1_190' title='bbox 881 3297 990 3361; x_wconf 88' lang='lat' dir='ltr'><strong>clavis</strong></span> <span class='ocrx_word' id='word_1_191' title='bbox 1007 3317 1089 3361; x_wconf 90' lang='lat' dir='ltr'><strong>con-</strong></span> 
     </span>
     <span class='ocr_line' id='line_1_29' title="bbox 140 3395 1087 3479; baseline -0.003 -19"><span class='ocrx_word' id='word_1_192' title='bbox 140 3396 267 3473; x_wconf 79' lang='lat' dir='ltr'><strong>fossus,</strong></span> <span class='ocrx_word' id='word_1_193' title='bbox 295 3397 417 3461; x_wconf 88' lang='lat' dir='ltr'><strong>lancea</strong></span> <span class='ocrx_word' id='word_1_194' title='bbox 447 3395 654 3479; x_wconf 83' lang='lat' dir='ltr'><strong>perforatus,</strong></span> <span class='ocrx_word' id='word_1_195' title='bbox 682 3416 744 3478; x_wconf 88' lang='lat' dir='ltr'><strong>per</strong></span> <span class='ocrx_word' id='word_1_196' title='bbox 770 3414 893 3459; x_wconf 91' lang='lat' dir='ltr'><strong>manus</strong></span> <span class='ocrx_word' id='word_1_197' title='bbox 920 3403 955 3458; x_wconf 90' lang='lat' dir='ltr'><strong>et</strong></span> <span class='ocrx_word' id='word_1_198' title='bbox 983 3396 1087 3476; x_wconf 91' lang='lat' dir='ltr'><strong>pedes</strong></span> 
     </span>
     <span class='ocr_line' id='line_1_30' title="bbox 140 3493 1087 3579; baseline -0.004 -21"><span class='ocrx_word' id='word_1_199' title='bbox 140 3494 205 3559; x_wconf 85' lang='lat' dir='ltr'><strong>rivi</strong></span> <span class='ocrx_word' id='word_1_200' title='bbox 227 3496 392 3579; x_wconf 87' lang='lat' dir='ltr'><strong>purpurei</strong></span> <span class='ocrx_word' id='word_1_201' title='bbox 414 3494 540 3559; x_wconf 80' lang='lat' dir='ltr'><strong>coloris</strong></span> <span class='ocrx_word' id='word_1_202' title='bbox 561 3495 769 3570; x_wconf 90' lang='lat' dir='ltr'><strong>defluebant,</strong></span> <span class='ocrx_word' id='word_1_203' title='bbox 792 3514 837 3556; x_wconf 81' lang='lat' dir='ltr'><strong>ex</strong></span> <span class='ocrx_word' id='word_1_204' title='bbox 861 3512 960 3556; x_wconf 88' lang='lat' dir='ltr'><strong>sacro</strong></span> <span class='ocrx_word' id='word_1_205' title='bbox 980 3493 1087 3555; x_wconf 89' lang='lat' dir='ltr'><strong>latere</strong></span> 
     </span>
     <span class='ocr_line' id='line_1_31' title="bbox 140 3591 1086 3678; baseline -0.003 -21"><span class='ocrx_word' id='word_1_206' title='bbox 140 3594 217 3678; x_wconf 89' lang='lat' dir='ltr'><strong>ejus</strong></span> <span class='ocrx_word' id='word_1_207' title='bbox 235 3594 378 3675; x_wconf 88' lang='lat' dir='ltr'><strong>sangnis</strong></span> <span class='ocrx_word' id='word_1_208' title='bbox 396 3593 552 3659; x_wconf 89' lang='lat' dir='ltr'><strong>stillabat</strong></span> <span class='ocrx_word' id='word_1_209' title='bbox 570 3601 606 3657; x_wconf 89' lang='lat' dir='ltr'><strong>et</strong></span> <span class='ocrx_word' id='word_1_210' title='bbox 623 3596 737 3675; x_wconf 78' lang='lat' dir='ltr'><strong>aquai</strong></span> <span class='ocrx_word' id='word_1_211' title='bbox 775 3591 869 3655; x_wconf 88' lang='lat' dir='ltr'><strong>Hinc</strong></span> <span class='ocrx_word' id='word_1_212' title='bbox 880 3597 1002 3667; x_wconf 89' lang='lat' dir='ltr'><strong>mater,</strong></span> <span class='ocrx_word' id='word_1_213' title='bbox 1017 3610 1086 3654; x_wconf 89' lang='lat' dir='ltr'><strong>non</strong></span> 
     </span>
     <span class='ocr_line' id='line_1_32' title="bbox 134 3689 1087 3777; baseline -0.003 -21"><span class='ocrx_word' id='word_1_214' title='bbox 134 3693 211 3777; x_wconf 89' lang='lat' dir='ltr'><strong>jam</strong></span> <span class='ocrx_word' id='word_1_215' title='bbox 235 3693 345 3757; x_wconf 91' lang='lat' dir='ltr'><strong>tristis</strong></span> <span class='ocrx_word' id='word_1_216' title='bbox 367 3699 402 3757; x_wconf 91' lang='lat' dir='ltr'><strong>et</strong></span> <span class='ocrx_word' id='word_1_217' title='bbox 423 3692 530 3757; x_wconf 86' lang='lat' dir='ltr'><strong>anxia</strong></span> <span class='ocrx_word' id='word_1_218' title='bbox 553 3692 614 3756; x_wconf 86' lang='lat' dir='ltr'><strong>sed</strong></span> <span class='ocrx_word' id='word_1_219' title='bbox 638 3691 793 3773; x_wconf 88' lang='lat' dir='ltr'><strong>gaudens</strong></span> <span class='ocrx_word' id='word_1_220' title='bbox 818 3698 854 3754; x_wconf 89' lang='lat' dir='ltr'><strong>et</strong></span> <span class='ocrx_word' id='word_1_221' title='bbox 873 3689 970 3753; x_wconf 85' lang='lat' dir='ltr'><strong>vultu</strong></span> <span class='ocrx_word' id='word_1_222' title='bbox 995 3708 1087 3753; x_wconf 90' lang='lat' dir='ltr'><strong>sere·</strong></span> 
     </span>
     <span class='ocr_line' id='line_1_33' title="bbox 139 3788 1088 3873; baseline -0.002 -20"><span class='ocrx_word' id='word_1_223' title='bbox 139 3790 294 3865; x_wconf 87' lang='lat' dir='ltr'><strong>nissimo‚</strong></span> <span class='ocrx_word' id='word_1_224' title='bbox 312 3798 412 3856; x_wconf 90' lang='lat' dir='ltr'><strong>tanto</strong></span> <span class='ocrx_word' id='word_1_225' title='bbox 432 3799 571 3873; x_wconf 85' lang='lat' dir='ltr'><strong>tamque</strong></span> <span class='ocrx_word' id='word_1_226' title='bbox 588 3789 751 3854; x_wconf 83' lang='lat' dir='ltr'><strong>ineffabili</strong></span> <span class='ocrx_word' id='word_1_227' title='bbox 772 3788 935 3852; x_wconf 88' lang='lat' dir='ltr'><strong>adstabat</strong></span> <span class='ocrx_word' id='word_1_228' title='bbox 952 3794 1088 3869; x_wconf 86' lang='lat' dir='ltr'><strong>specta·</strong></span> 
     </span>
    </p>
   </div>
   <div class='ocr_carea' id='block_1_6' title="bbox 139 3885 1090 4350">
    <p class='ocr_par' dir='ltr' id='par_1_7' title="bbox 139 3885 1088 3971">
     <span class='ocr_line' id='line_1_34' title="bbox 139 3885 1088 3971; baseline -0.006 -17"><span class='ocrx_word' id='word_1_229' title='bbox 139 3888 230 3955; x_wconf 90' lang='lat' dir='ltr'><strong>culo.</strong></span> <span class='ocrx_word' id='word_1_230' title='bbox 279 3887 363 3954; x_wconf 85' lang='lat' dir='ltr'><strong>Jam</strong></span> <span class='ocrx_word' id='word_1_231' title='bbox 385 3908 468 3954; x_wconf 85' lang='lat' dir='ltr'><strong>vero</strong></span> <span class='ocrx_word' id='word_1_232' title='bbox 493 3889 571 3971; x_wconf 90' lang='lat' dir='ltr'><strong>quis</strong></span> <span class='ocrx_word' id='word_1_233' title='bbox 595 3906 746 3970; x_wconf 89' lang='lat' dir='ltr'><strong>unquam</strong></span> <span class='ocrx_word' id='word_1_234' title='bbox 773 3894 889 3950; x_wconf 91' lang='lat' dir='ltr'><strong>mente</strong></span> <span class='ocrx_word' id='word_1_235' title='bbox 912 3885 1088 3968; x_wconf 90' lang='lat' dir='ltr'><strong>conjiciat,</strong></span> 
     </span>
    </p>

    <p class='ocr_par' dir='ltr' id='par_1_8' title="bbox 139 3983 1089 4071">
     <span class='ocr_line' id='line_1_35' title="bbox 139 3983 1089 4071; baseline -0.008 -18"><span class='ocrx_word' id='word_1_236' title='bbox 139 3994 273 4071; x_wconf 89' lang='lat' dir='ltr'><strong>quanta</strong></span> <span class='ocrx_word' id='word_1_237' title='bbox 289 4007 369 4052; x_wconf 91' lang='lat' dir='ltr'><strong>eum</strong></span> <span class='ocrx_word' id='word_1_238' title='bbox 390 3987 570 4052; x_wconf 84' lang='lat' dir='ltr'><strong>alacritate</strong></span> <span class='ocrx_word' id='word_1_239' title='bbox 588 3987 633 4051; x_wconf 91' lang='lat' dir='ltr'><strong>ad</strong></span> <span class='ocrx_word' id='word_1_240' title='bbox 651 3987 716 4050; x_wconf 91' lang='lat' dir='ltr'><strong>hoc</strong></span> <span class='ocrx_word' id='word_1_241' title='bbox 736 3985 972 4067; x_wconf 88' lang='lat' dir='ltr'><strong>spectaculum</strong></span> <span class='ocrx_word' id='word_1_242' title='bbox 992 3983 1089 4046; x_wconf 92' lang='lat' dir='ltr'><strong>undi-</strong></span> 
     </span>
    </p>

    <p class='ocr_par' dir='ltr' id='par_1_9' title="bbox 140 4083 1090 4169">
     <span class='ocr_line' id='line_1_36' title="bbox 140 4083 1090 4169; baseline -0.004 -18"><span class='ocrx_word' id='word_1_243' title='bbox 140 4107 208 4169; x_wconf 91' lang='lat' dir='ltr'><strong>que</strong></span> <span class='ocrx_word' id='word_1_244' title='bbox 233 4088 513 4164; x_wconf 89' lang='lat' dir='ltr'><strong>concurrebatur,</strong></span> <span class='ocrx_word' id='word_1_245' title='bbox 541 4105 619 4168; x_wconf 90' lang='lat' dir='ltr'><strong>quae</strong></span> <span class='ocrx_word' id='word_1_246' title='bbox 646 4084 855 4150; x_wconf 91' lang='lat' dir='ltr'><strong>intuentium</strong></span> <span class='ocrx_word' id='word_1_247' title='bbox 881 4089 958 4146; x_wconf 89' lang='lat' dir='ltr'><strong>erat</strong></span> <span class='ocrx_word' id='word_1_248' title='bbox 985 4083 1090 4148; x_wconf 82' lang='lat' dir='ltr'><strong>devo·</strong></span> 
     </span>
    </p>

    <p class='ocr_par' dir='ltr' id='par_1_10' title="bbox 140 4184 1090 4350">
     <span class='ocr_line' id='line_1_37' title="bbox 140 4184 1090 4268; baseline -0.004 -18"><span class='ocrx_word' id='word_1_249' title='bbox 140 4187 203 4263; x_wconf 90' lang='lat' dir='ltr'><strong>tio,</strong></span> <span class='ocrx_word' id='word_1_250' title='bbox 220 4186 300 4268; x_wconf 88' lang='lat' dir='ltr'><strong>quis</strong></span> <span class='ocrx_word' id='word_1_251' title='bbox 317 4184 535 4250; x_wconf 90' lang='lat' dir='ltr'><strong>adorantium</strong></span> <span class='ocrx_word' id='word_1_252' title='bbox 555 4201 754 4261; x_wconf 88' lang='lat' dir='ltr'><strong>concursus,</strong></span> <span class='ocrx_word' id='word_1_253' title='bbox 770 4188 911 4267; x_wconf 87' lang='lat' dir='ltr'><strong>quantae</strong></span> <span class='ocrx_word' id='word_1_254' title='bbox 929 4202 992 4264; x_wconf 90' lang='lat' dir='ltr'><strong>pro</strong></span> <span class='ocrx_word' id='word_1_255' title='bbox 1014 4190 1090 4248; x_wconf 90' lang='lat' dir='ltr'><strong>tan-</strong></span> 
     </span>
     <span class='ocr_line' id='line_1_38' title="bbox 189 4298 937 4350; baseline -0.003 -4"><span class='ocrx_word' id='word_1_256' title='bbox 189 4300 271 4348; x_wconf 85' lang='lat' dir='ltr'><strong>von.</strong></span> <span class='ocrx_word' id='word_1_257' title='bbox 289 4300 344 4350; x_wconf 88' lang='lat'>111.</span> <span class='ocrx_word' id='word_1_258' title='bbox 927 4298 937 4344; x_wconf 90' lang='lat'>1</span> 
     </span>
    </p>
   </div>
   <div class='ocr_carea' id='block_1_7' title="bbox 0 0 1492 5016">
    <p class='ocr_par' dir='ltr' id='par_1_11' title="bbox 0 0 1492 5016">
     <span class='ocr_line' id='line_1_39' title="bbox 0 0 1492 5016; baseline 0 0"><span class='ocrx_word' id='word_1_259' title='bbox 0 0 1492 5016; x_wconf 95' lang='lat' dir='ltr'><strong> </strong></span> 
     </span>
    </p>
   </div>
  </div>
 </body>
</html>
