2970 5016
456 511 593 559 rhenus
618 509 888 557 ursronrnnuu.
1078 494 1144 558 385

192 667 252 749 qui
270 686 386 730 casum
402 669 474 749 regi
493 669 678 732 nuntiaret.
727 669 804 731 Rex
823 676 1028 731 tamencum
1046 687 1144 732 exer·
1157 684 1210 726 ln.
1222 687 1278 725 ine.

192 767 264 829 citu
287 787 350 830 suo
370 769 432 832 vix
456 765 595 850 elapsus
618 775 719 832 nocte
741 769 898 850 sequenti
922 767 1013 849 apud
1037 768 1142 831 abha-

192 866 288 942 tiam,
304 887 382 948 quae
402 867 644 930 Suenesheved
662 868 799 942 dicitur,
819 867 1046 949 pernoctavit,
1071 867 1141 943 ubi,

193 974 232 1027 ut
247 968 447 1047 putabatur,
463 966 506 1029 de
522 969 625 1030 rebus
641 986 662 1029 a
684 966 844 1030 fluetibus
868 968 1043 1029 devoratis
1064 975 1141 1029 tan·

193 1072 264 1127 tam
289 1067 413 1128 mentis
437 1067 581 1130 incurrit
605 1065 793 1141 tristitiam,
817 1066 909 1147 quod
930 1066 1040 1129 acutis
1065 1085 1141 1129 cor·

192 1172 311 1245 reptus
334 1165 485 1228 febribus
507 1142 615 1247 clepit
637 1167 789 1246 graviter
818 1166 1006 1243 infirmari;
1040 1166 1142 1229 auxit

192 1270 307 1326 autem
325 1265 541 1346 aegritudinis
563 1265 756 1328 molestiam
778 1266 971 1346 perniciosa
992 1265 1067 1346 ejus
1088 1265 1140 1327 in-

192 1363 340 1442 gluvies,
364 1366 423 1446 qui
448 1372 549 1428 nocte
573 1364 634 1427 illa
657 1364 700 1427 de
725 1363 838 1427 fructu
869 1364 1079 1445 persicorum
1106 1373 1140 1428 et

192 1462 274 1525 novi
293 1463 413 1526 ciceris
436 1465 616 1545 potatione
630 1464 731 1526 nimis
755 1464 904 1546 repletus
928 1462 1081 1526 febrilem
1105 1464 1140 1526 in

192 1579 229 1623 se
246 1561 393 1625 calorem
410 1564 504 1626 acuit
519 1564 652 1627 fortiter
668 1563 879 1626 etaccendit.
904 1562 1139 1625 Veruntamen

192 1678 325 1723 summo
341 1662 421 1725 inde
443 1663 606 1740 diluculo,
625 1663 706 1727 licet
724 1683 801 1725 cum
825 1662 942 1725 labore
966 1661 1140 1738 recedcuS,

193 1760 236 1822 ad
267 1761 446 1823 castellum
477 1763 518 1825 de
550 1762 671 1826 Lafort
703 1762 940 1845 hospitaturus
975 1762 1140 1843 perrexit,

193 1860 252 1921 ubi
282 1861 436 1924 maxima
467 1863 621 1943 corporis
654 1869 895 1944 praegravatus
924 1861 1082 1941 molestia
1104 1861 1138 1922 in

191 1960 343 2022 crastino
368 1961 428 2023 vix
457 1961 500 2023 ad
525 1961 704 2025 castellum
729 1962 771 2024 de
796 1961 941 2024 Newerc
966 1979 1055 2042 equo
1081 1979 1140 2023 ve-

192 2057 295 2121 hente
318 2061 498 2141 pervenit3
526 2080 595 2142 quo
617 2062 652 2123 in
668 2061 744 2123 loco
761 2060 993 2123 invalescente
1008 2059 1140 2135 morbo,

192 2158 235 2219 ab
255 2151 397 2221 ¹abbate
412 2159 454 2222 de
470 2158 664 2224 Crocstuna
675 2159 854 2223 consilium
866 2159 1091 2222 confessionis
1107 2167 1142 2221 et

191 2255 435 2318 eucharistiam
451 2260 614 2338 suscepit.
667 2257 802 2320 Deinde
820 2258 1022 2330 Henricum,
1034 2255 1141 2317 filium

191 2374 290 2417 suum
315 2356 594 2436 primogenitum,
614 2355 710 2433 regni
734 2355 787 2415 sui
821 2352 990 2415 haeredem
1015 2354 1142 2416 consti-

194 2454 271 2529 tuit,
295 2473 505 2534 regnumque
522 2451 660 2533 Angliae
686 2451 736 2513 illi
760 2451 880 2534 jurare
897 2452 998 2528 fecit3
1023 2450 1141 2514 literas

192 2554 296 2615 etiam
321 2551 435 2630 sigillo
455 2572 518 2614 suo
546 2551 697 2613 munitas
719 2550 761 2612 ad
785 2569 904 2613 omnes
924 2551 1142 2613 vicecomites

193 2650 290 2730 regni
315 2657 347 2711 et
364 2650 573 2713 castellanos
591 2650 730 2725 direxit,
753 2649 956 2731 praecipiens
978 2657 1017 2713 ut
1033 2650 1064 2712 ei
1090 2669 1142 2712 es·

192 2756 268 2810 sent
284 2748 412 2828 singuli
430 2749 656 2811 intendentes.
711 2748 767 2824 Et,
784 2748 836 2811 his
854 2750 903 2812 ita
918 2749 1037 2829 gestis,
1061 2749 1142 2811 scis

192 2848 320 2910 citatus
343 2855 395 2910 est
416 2849 460 2910 ab
486 2867 526 2910 eo
550 2848 657 2910 abbas
682 2847 724 2910 de
746 2848 949 2923 Crocstuna‚
975 2848 1006 2910 si
1030 2849 1142 2929 ipsum

193 2948 278 3009 mori
301 2946 529 3028 contingeret,
554 2948 609 3010 ubi
629 2946 733 3010 vellet
756 2948 882 3028 eligere
905 2947 1140 3028 sepulturam3

191 3046 246 3108 cui
267 3036 327 3108 rex
349 3046 558 3127 respondeus
575 3046 695 3122 dixit‚‘
709 3046 784 3110 Deo
796 3055 830 3110 et
844 3054 965 3110 sancto
979 3045 1142 3109 Wlstano

193 3164 317 3227 corpus
333 3154 368 3209 et
385 3147 534 3208 animam
557 3166 665 3209 meam
688 3145 910 3209 commendo’
951 3145 1032 3223 ,Qui
1050 3154 1142 3227 post-

193 3263 234 3306 ea
257 3246 291 3308 in
316 3252 429 3322 nocte,
447 3264 525 3326 quae
541 3246 629 3308 diem
648 3239 777 3308 ²sancti
797 3245 900 3308 Lucae
918 3245 1141 3325 evangelistae

193 3345 349 3425 proxime
374 3352 494 3408 secuta
519 3353 583 3421 est,
610 3364 653 3407 ex
682 3344 745 3406 bac
772 3345 843 3406 vita
866 3343 1040 3424 migravit,
1064 3364 1141 3406 cum

192 3451 371 3524 regnasset
407 3444 595 3507 octodecim
633 3445 732 3506 annis
765 3452 800 3507 et
836 3443 1003 3521 dimidi0;
1041 3443 1141 3526 cujus

192 3562 318 3624 corpus
351 3544 447 3624 regio
476 3543 650 3607 schemate
678 3551 838 3607 ornatum
862 3543 904 3605 ad
925 3542 1143 3623 Wigorniam

228 3777 338 3827 ¹Ablmte
349 3780 378 3826 de
392 3773 555 3846 Graculum]
577 3779 652 3826 Paris
664 3774 667 3809 Ι
681 3771 843 3826 ‘intestatus'
860 3791 892 3823 on
904 3776 945 3825 the
957 3776 1057 3824 festival
1073 3777 1102 3825 ol
1115 3777 1141 3826 S.

192 3848 266 3911 adds,
280 3849 334 3897 that
348 3848 391 3896 the
406 3851 483 3897 abbot
498 3849 527 3897 ol
543 3849 653 3897 Croxton
681 3847 755 3895 Luke
772 3845 843 3910 (18th
861 3843 942 3908 Oct),
959 3862 984 3906 p.
997 3850 1053 3894 lla.
1091 3847 1141 3894 His

190 3933 246 3968 was
264 3918 340 3966 much
361 3919 454 3966 ekilled
475 3919 501 3966 in
520 3918 653 3977 medicine,
678 3916 747 3965 short
758 3917 821 3977 will,
830 3917 956 3974 however,
973 3917 998 3963 in
1013 3915 1097 3964 which
1109 3916 1140 3964 he

192 3989 242 4038 and
253 4002 309 4036 was
321 3994 347 4036 nt
365 3988 419 4036 that
435 3990 495 4037 time
512 3989 554 4036 the
571 3983 654 4048 hing’s
665 4032 667 4044 ,
680 4000 739 4046 says
751 3986 806 4034 that
816 3985 847 4034 he
860 3987 882 4032 is
894 3985 983 4045 ‘gravi
999 3986 1141 4033 infirmitate

190 4059 334 4119 physician.
681 4061 824 4119 praeventus
836 4069 882 4103 nec
894 4054 1020 4103 sufficiens
1031 4055 1064 4103 ad
1080 4059 1142 4103 tem·

681 4140 730 4187 pus
746 4125 896 4172 infirmitatis
911 4139 974 4172 mem
986 4139 1085 4173 currere
1097 4139 1143 4186 per

228 4192 333 4245 ²Sancti
355 4196 428 4245 Lucoe
449 4196 614 4258 comigelistae.
643 4195 655 4258 ]
682 4189 800 4257 singula,’
820 4195 842 4242 is
863 4194 960 4255 printed
985 4196 1009 4241 in
1040 4194 1143 4254 Rymer‚

192 4265 352 4329 coggeshala
375 4280 435 4329 says
458 4266 513 4315 that
536 4265 567 4315 he
595 4265 655 4314 died
681 4267 699 4315 i.
711 4280 738 4326 p.
750 4268 806 4312 m.

243 4358 320 4405 von.
340 4357 394 4404 ru.
933 4337 993 4400 ac
