2970 5016
390 460 530 508 rnonns
554 460 827 509 maronianum
1016 446 1081 511 123

129 617 173 680 ad
189 614 400 698 colloquium
417 617 508 680 inter
519 609 690 680 ¹Wailum
704 623 740 679 ct
751 614 978 701 Andeliecum
996 616 1084 681 seria
1095 635 1151 676 nn.
1163 636 1221 677 nn.

132 723 258 797 quarta
280 722 361 797 post
384 715 632 778 exaltationem
653 721 783 777 sanctae
806 713 949 794 Crucis3
976 716 1083 779 etsie

131 813 298 877 liberatus
321 832 344 876 a
359 813 520 894 captione
538 811 673 875 comitis
690 813 781 875 idem
797 833 860 876 rex
878 813 920 875 ad
941 816 1083 896 propria

132 912 312 975 remeavit.
366 911 544 975 Reversus
578 918 694 974 autem
722 910 877 974 Parisius
902 912 1082 976 consilium

131 1010 252 1072 babuit
274 1028 296 1072 a
317 1008 390 1072 suis
410 1015 451 1072 ut
471 1027 493 1072 a
512 1016 617 1091 pacto
634 1008 804 1089 resiliret;
830 1029 899 1074 non
923 1011 1015 1074 enim
1038 1010 1082 1073 ad

133 1106 408 1172 observationem
426 1106 628 1190 juramenti,
649 1106 742 1189 quod
759 1108 802 1171 de
823 1110 1030 1172 necessitato
1047 1115 1084 1171 et

132 1206 233 1286 quasi
248 1213 390 1269 coactus
405 1205 547 1279 iecerat,
562 1206 699 1270 exstitit
714 1205 901 1287 obligatus.

133 1379 183 1445 De
198 1376 383 1463 qnondam
397 1375 658 1442 constitutimtibaa
670 1398 692 1440 a
708 1397 775 1462 repe
789 1378 950 1444 Richarde
966 1379 1086 1444 utiliter

526 1476 675 1560 prooem.

199 1598 330 1662 Eodem
346 1616 438 1661 anno
452 1600 679 1662 constitutum
695 1604 748 1662 est
763 1617 785 1661 a
799 1618 880 1680 rege
897 1599 1086 1679 Richardo,
1098 1621 1193 1662 mnu

136 1696 180 1760 ad
205 1696 406 1760 instantiam
434 1696 599 1773 Huberti,
625 1695 885 1761 cantuariensis
916 1698 1086 1781 archiepi·
1099 1672 1221 1718 m*

136 1796 233 1876 scopi
243 1802 279 1859 et
290 1794 428 1876 Angliae
440 1795 639 1878 justiciarii,
653 1795 689 1858 in
701 1795 757 1858 die
768 1797 880 1859 sancti
892 1796 1087 1861 Eadmundi

135 1894 228 1975 regis
243 1900 279 1957 et
292 1893 456 1974 martyris
469 1893 563 1975 apud
579 1892 940 1970 westmonasterium,
958 1903 998 1959 ut
1013 1914 1086 1958 om·

136 2011 198 2063 nes
209 2009 381 2055 mensurae
395 2010 458 2073 per
474 1999 585 2055 totam
594 1988 760 2072 Angliam
770 1993 806 2055 in
817 1992 929 2056 bladis
940 2000 976 2056 et
990 1993 1088 2074 legu-

137 2089 300 2165 minibus,
317 2096 389 2152 tam
406 2089 443 2152 in
459 2089 660 2153 civitatibus
676 2109 781 2172 quam
796 2099 908 2167 extra,
932 2091 1084 2174 ejusdem

136 2188 206 2250 sint
219 2187 438 2268 quantitatis,
453 2195 489 2251 et
504 2187 653 2251 maxime
668 2208 830 2253 mensura
849 2189 946 2265 celei,
963 2190 1034 2253 vini
1050 2197 1087 2253 et

136 2285 325 2368 ponderum
344 2291 584 2350 mercatorum.
624 2280 637 2317 ²
643 2284 879 2351 constitutum
899 2295 953 2351 est
968 2288 1086 2365 etiam,

138 2390 178 2447 ut
201 2383 294 2447 lanei
317 2383 437 2464 panni,
459 2383 666 2464 ubicumque
689 2385 725 2447 in
746 2405 854 2466 regno
874 2384 973 2461 fiant,
999 2386 1087 2448 duas

138 2481 240 2545 ulnas
256 2480 407 2545 habeant
422 2481 615 2557 latitudinis
632 2482 724 2546 infra
746 2483 884 2559 lisnras,
907 2492 943 2548 et
964 2484 1087 2547 sintin

138 2580 252 2642 medio
268 2587 305 2643 et
324 2580 360 2642 in
382 2579 549 2644 lateribus
570 2581 727 2664 ejusdcm
748 2581 925 2643 bonitatis.
971 2581 1087 2644 Statu-

138 2685 213 2741 tnm
246 2684 301 2740 est
331 2677 485 2759 insuper,
515 2698 559 2742 ne
588 2680 667 2761 quis
698 2685 870 2741 mercator
894 2677 1089 2759 praetendat

138 2774 243 2839 seldae
265 2794 340 2839 snae
360 2777 485 2839 rubeos
500 2777 556 2841 vel
576 2778 694 2857 nigros
716 2794 865 2857 pannos,
879 2776 936 2838 vel
957 2776 1088 2857 aliquid

139 2873 233 2937 aliud
260 2871 352 2937 unde
372 2873 469 2938 visus
491 2874 697 2938 intuentium
721 2874 914 2955 decipietur
934 2874 979 2936 ad
1001 2892 1088 2956 pan·

140 2992 221 3035 num
237 2972 365 3034 bonum
379 2973 587 3053 eligendum.
631 2973 729 3036 Exiit
742 2979 912 3054 praeterea
928 2972 1088 3049 edictum,

140 3070 232 3152 qnod
259 3070 359 3134 nulla
388 3071 541 3134 tinctura
566 3070 632 3134 nisi
657 3069 873 3135 solummodo
900 3072 1000 3152 nigra
1027 3070 1090 3134 fiat

140 3167 265 3231 alicubi
294 3168 330 3230 in
360 3186 480 3248 regno,
505 3170 571 3232 nisi
597 3170 633 3232 in
658 3170 866 3250 capitalibus
889 3169 1088 3233 civitatibus

143 3272 204 3328 aut
225 3266 366 3346 burgis;
393 3273 441 3343 et,
464 3266 592 3348 siquis
614 3268 651 3330 in
672 3266 788 3348 aliquo
807 3268 952 3331 istorum
976 3275 1090 3331 trans·

140 3383 279 3444 grassor
296 3363 476 3427 convictus
492 3364 608 3440 suerit,
623 3384 749 3446 corpus
764 3365 857 3428 illius
878 3366 1038 3447 capiatur
1054 3372 1089 3429 et

139 3462 175 3523 in
192 3480 363 3526 carcerem
378 3461 595 3539 detrudatur,
612 3471 648 3526 et
664 3463 779 3526 omnia
789 3482 868 3545 quae
883 3462 991 3543 ipsius
1008 3469 1090 3525 sunt

141 3559 185 3621 ad
225 3559 299 3622 fisci
333 3560 549 3623 commodum
582 3562 780 3624 saisientur.
841 3559 972 3623 Eodem
1000 3577 1090 3621 anno

141 3656 337 3738 Philippus,
369 3656 515 3721 clericus
548 3659 653 3739 regis,
681 3660 821 3721 natione
849 3655 1092 3732 Pictaviensis,

140 3755 324 3836 opiscopus
348 3754 595 3819 Dnnelmensis
618 3763 672 3819 est
691 3757 833 3831 electus,
862 3755 929 3837 [et]
955 3773 977 3816 a
1000 3771 1093 3835 papa

141 3851 329 3916 Caelestino
352 3853 445 3935 apud
470 3854 682 3918 Lateranum
713 3872 837 3916 munus
862 3851 1093 3917 consecratio·

142 3951 197 4013 nis
214 3951 378 4033 suscepit.

178 4113 528 4187 ¹WrilrmetAntieiircum.]
540 4120 614 4168 Gaii·
672 4116 866 4167 'Cetrstr'tutum⁸
880 4119 891 4181 ]
916 4118 1049 4181 Hereden,
1071 4133 1097 4180 p.

140 4189 184 4236 lon
195 4187 246 4236 and
257 4187 370 4249 Andely.
637 4190 695 4236 774.
