2970 5016
462 471 602 520 rnonns
624 472 892 524 nrsronmnnu.
1085 463 1152 528 24⁷

199 635 342 709 tumque
357 627 507 710 stipatus
524 627 662 709 agmine
675 629 723 692 ad
736 628 801 693 boc
816 637 1008 713 exspectat,
1025 640 1066 697 ut
1079 653 1152 698 ma·
1162 652 1218 695 en.
1230 654 1286 693 nn.

193 727 330 809 joribus
349 726 461 790 adbuc
477 726 629 791 vallatus
651 729 800 793 catervis
817 748 1001 811 supervos
1018 739 1054 795 et
1071 751 1150 815 reg·

199 845 281 888 num
303 834 457 890 vestrum
479 825 651 890 hostiliter
674 829 801 905 veniat,
819 836 855 893 et
873 830 974 910 quasi
997 830 1150 896 Domino

199 931 234 988 et
249 943 386 989 summo
406 925 561 1006 pontifici
583 926 744 990 rebellem
761 946 784 989 a
801 946 909 1009 regno
926 936 961 992 te
982 930 1151 994 violenter

198 1023 361 1106 depellat,
383 1031 489 1106 atque
511 1025 720 1089 auctoritate
741 1025 833 1089 sedis
855 1027 1057 1109 apostolicae
1074 1048 1150 1111 reg-

200 1142 282 1185 num
300 1122 440 1205 Angliae
461 1130 629 1205 perpetuo
650 1123 731 1207 jure
754 1125 942 1206 possideat.
993 1126 1151 1192 Veniunt

198 1228 233 1285 et
260 1241 339 1285 cum
368 1222 430 1285 illo
459 1240 578 1285 omnes
607 1223 761 1305 episcopi
788 1224 918 1288 dudum
947 1226 993 1288 ab
1018 1224 1151 1307 Anglia

197 1321 382 1403 proscripti
402 1341 481 1386 cum
503 1320 636 1384 clericis
655 1329 691 1385 et
708 1321 806 1386 laicis
825 1322 1078 1402 exsulantibus,
1097 1333 1150 1403 ut,

197 1420 273 1501 ipso
296 1421 396 1496 duce,
419 1420 519 1484 sedes
541 1419 755 1502 episcopales
782 1441 861 1484 cnm
886 1424 988 1486 rebus
1012 1423 1090 1486 aliis
1114 1431 1150 1488 te

197 1519 308 1582 invito
332 1518 512 1601 recipiant,
534 1525 569 1581 et
589 1518 792 1601 obsequium
810 1520 908 1584 vobis
932 1523 1014 1586 olim
1036 1529 1072 1585 et
1087 1540 1150 1585 an-

197 1619 425 1682 tecessoribus
450 1618 576 1683 vestris
609 1618 802 1681 exhibitum
839 1620 907 1701 ipsi
941 1620 985 1683 de
1022 1627 1149 1685 caetero

196 1726 393 1782 reverenter
414 1715 629 1798 impendant.
679 1717 801 1783 lactat
815 1737 853 1781 se
872 1727 1042 1800 praeterea
1058 1719 1148 1783 idern

198 1835 259 1879 rex
285 1816 425 1880 chartas
451 1815 578 1878 babere
606 1815 758 1880 omnium
787 1817 857 1880 sere
881 1814 1022 1899 Angliae
1050 1837 1147 1899 meg·

196 1923 316 1979 natum
338 1915 380 1979 do
402 1913 569 1978 fidelitate
589 1922 625 1978 et
645 1914 871 1997 subjectione,
898 1916 987 1980 unde
1008 1916 1147 1999 plenam

196 2014 347 2096 concipit
363 2013 585 2077 securitatem
604 2012 769 2091 adfinem
791 2014 960 2096 optimum
980 2034 1052 2078 rem
1071 2035 1150 2097 per·

195 2111 321 2176 ducere
348 2111 557 2176 inchoatam.
610 2110 762 2176 Consule
787 2132 870 2194 ergo
893 2113 1017 2178 saltem
1045 2134 1149 2191 nuno,

196 2212 296 2293 quasi
326 2212 362 2275 in
396 2210 561 2275 extremis
596 2229 717 2292 agens,
751 2211 895 2276 utilitati
924 2221 1008 2290 tuse,
1035 2221 1075 2277 ut
1103 2213 1148 2277 ed

196 2310 437 2392 poenitentiam
461 2309 595 2386 redeas,
625 2316 661 2373 et
685 2311 812 2388 Deum,
836 2331 940 2394 quem
965 2320 1087 2376 contra
1112 2320 1148 2376 te

196 2409 239 2474 ad
269 2409 456 2473 vindictam
488 2409 685 2490 provocasti
722 2409 975 2490 gravissimam,
1006 2411 1145 2493 placare

195 2528 238 2572 ne
260 2508 408 2572 differas.
460 2507 499 2571 Si
517 2508 610 2572 enim
636 2506 860 2572 sufficientem
885 2508 1035 2573 volueris
1059 2528 1145 2591 prse-

105 2665 113 2682 ,
195 2616 288 2672 stare
306 2607 501 2672 cautionem
521 2605 653 2689 judicio
675 2606 831 2670 ecclesiae
851 2606 1007 2689 parendi,
1027 2617 1063 2671 et
1082 2606 1146 2669 bu·

195 2707 320 2770 miliari
334 2726 398 2789 pro
414 2705 510 2789 Ipso,
527 2705 642 2787 quise
659 2725 722 2787 pro
741 2712 775 2768 te
791 2703 999 2782 humiliavit,
1014 2705 1145 2787 poteris

195 2825 240 2870 ex
271 2805 454 2870 clementia
481 2803 573 2868 sedis
601 2803 803 2886 apostolicae
834 2823 977 2885 regnum
1004 2822 1146 2885 recupe-

195 2924 284 2982 rare,
308 2925 330 2968 a
348 2923 419 2988 quo
445 2923 509 2986 pro
532 2903 751 2967 contumacia
777 2901 900 2967 Romae
926 2902 1146 2986 abjudicatus

194 3003 302 3069 bristi.
354 3003 460 3067 Nunc
479 3009 608 3079 autem,
626 3023 671 3066 ne
687 3003 969 3083 supergaudeant
981 3003 1025 3066 de
1041 3009 1076 3066 ta
1091 3003 1145 3066 in·

194 3104 286 3167 imici
309 3104 372 3180 tui,
401 3108 573 3165 revertere
598 3101 642 3165 ad
668 3108 864 3179 cortuum,
889 3121 1017 3167 cavens
1044 3121 1086 3165 ne
1110 3108 1145 3164 te

194 3204 228 3266 in
251 3197 357 3266 talem
376 3198 613 3265 difficultatem
633 3201 788 3276 inducas,
805 3200 849 3265 de
872 3221 944 3286 qua
968 3207 1002 3266 te
1023 3200 1146 3267 volens

192 3302 356 3386 expedire
370 3320 441 3365 non
458 3298 601 3365 valeas?

270 3473 425 3550 Quomodo
440 3495 494 3539 reo
508 3471 778 3558 Jotuooossoerit
794 3471 840 3537 od
846 3468 1064 3558 penitentium

568 3582 765 3659 prouocatos.

244 3697 325 3763 Rex
347 3698 496 3779 denique
517 3697 710 3772 Johannes,
730 3695 783 3758 bis
803 3693 931 3758 auditis
951 3712 992 3756 ac
1017 3689 1146 3755 medul-
1158 3715 1288 3756 ameum

193 3798 276 3862 litus
305 3798 504 3873 intellectis,
534 3797 698 3862 confusus
736 3800 790 3859 est
823 3793 925 3857 valde
964 3797 999 3855 et
1030 3765 1288 3855 menteiiixibm

194 3896 295 3960 nimis
315 3898 549 3979 perturbatus,
565 3896 686 3960 videns
702 3893 853 3974 undique
869 3892 935 3956 sibi
954 3889 1144 3973 periculum
1157 3866 1292 3915 ‘nm'

190 3997 381 4060 imminere.
448 3996 559 4059 Erant
585 3996 676 4059 enim
704 4001 852 4076 quatuor
876 4010 991 4055 causae
1017 3989 1143 4073 princi·

191 4096 301 4179 pales,
327 4115 405 4177 quae
427 4094 541 4178 ipsum
567 4094 611 4158 ad
635 4093 878 4175 poenitentiam
903 4089 1006 4154 simul
1030 4096 1067 4152 et
1087 4107 1145 4151 sa·

191 4195 422 4261 tisiaotionem
445 4193 708 4277 compulerunt3
732 4192 853 4273 prima,
874 4189 966 4273 quod
986 4188 1061 4273 jam
1083 4208 1146 4270 per
