2970 5016
456 470 595 517 rnonss
618 470 889 520 nrsronmnuu.
1110 458 1155 523 23

201 626 270 690 duo
287 635 431 710 nepotes
446 629 535 712 ejus,
550 628 761 704 Techaedin,
781 630 1042 708 Benesemedin,
1058 631 1150 698 Cou-
1163 649 1217 689 Ab.
1229 653 1285 692 mo.

198 726 602 805 lin,Eiaisar,Bederim,
616 729 1058 811 MustopHazadinnersel.
1087 731 1150 797 Hii

200 846 320 890 omnes
346 827 473 892 babent
501 828 536 890 in
565 847 630 890 sua
654 836 826 909 potestate
853 828 916 892 bas
942 832 1150 911 provincias,

196 925 219 988 J
222 945 431 1003 oramenses,
456 926 693 1003 Rotasienses,
711 928 884 1005 Bireuses,
903 928 1041 1007 Persas,
1059 931 1149 995 Tur·

196 1045 267 1102 cos,
283 1023 520 1103 Hemsienses‚
535 1024 795 1104 Alexandriam,
812 1028 1021 1106 Damietam,
1039 1029 1147 1096 Hala-

199 1125 301 1206 piros,
326 1124 576 1201 Damascenos,
599 1133 709 1190 totam
730 1133 856 1190 terram
876 1127 970 1192 ultra
990 1129 1148 1210 Euphra-

197 1233 265 1289 tem
296 1244 406 1308 usque
432 1225 533 1288 Mare
564 1226 705 1288 rubrum
734 1233 769 1289 et
793 1227 885 1291 ultra
911 1247 1033 1293 versus
1059 1229 1146 1293 Bar-

195 1325 339 1388 bariam.
400 1323 575 1389 Metulech
589 1326 654 1388 sub
671 1343 709 1388 se
732 1324 836 1390 habet
852 1326 1093 1409 Babyloniam,
1110 1337 1146 1394 et

197 1431 347 1505 quatuor
361 1424 486 1489 fratres
501 1424 679 1488 Salaadini
698 1423 826 1489 habent
843 1425 956 1488 subse
968 1424 1145 1505 Abesiam,

196 1522 357 1600 Leemen,
383 1532 418 1589 et
445 1523 601 1600 Mauros,
627 1531 663 1588 et
691 1522 726 1586 N
728 1524 856 1601 ubiam,
879 1523 1013 1602 Caisar,
1036 1525 1145 1592 Asca·

196 1622 299 1699 lonie,
317 1621 468 1701 Amiras,
487 1623 670 1699 Bedredin,
690 1620 884 1700 Amirasen,
900 1632 936 1688 et
955 1624 1144 1703 Nazareth,

196 1729 230 1785 et
248 1722 433 1804 Neopoliu,
455 1731 491 1787 et
507 1722 665 1799 Kamele,
687 1722 908 1804 Mustoplice,
922 1731 958 1788 et
973 1724 1142 1804 Maruch3

197 1821 492 1899 Hazadinneaser,
503 1823 782 1904 Montis-regalis
797 1832 830 1887 et
845 1821 984 1900 Gracei,
994 1823 1143 1903 Corisin,

195 1921 374 2005 cujusdam
392 1924 501 2004 partis
517 1921 692 1987 Armeniae
706 1943 715 2000 ;
745 1931 779 1987 et
796 1922 861 1986 hiis
879 1924 1038 1988 omnibus
1053 1945 1142 2006 prae·

195 2029 248 2086 est
263 2029 299 2085 et
315 2021 513 2086 dominatur
525 2021 743 2087 Salaudiuus.

286 2194 328 2260 Ut
340 2193 489 2259 maciiaae
505 2193 753 2259 Otrtetaoorom
767 2215 788 2256 a
804 2195 973 2259 Saracenis
987 2205 1059 2260 sunt

581 2292 747 2358 eonibustae.

245 2419 376 2485 Eodem
394 2438 486 2482 anno
502 2411 610 2500 ¹ignis
628 2416 774 2483 Graecus
794 2438 816 2483 a
837 2418 1032 2496 Saracenis,
1054 2421 1146 2487 intra
1158 2448 1252 2498 neena

85 2558 95 2573 ·
198 2517 319 2583 Achon
349 2519 526 2583 civitatem
555 2519 716 2595 obsessis,
749 2525 850 2582 extra
877 2520 1051 2603 projectus
1075 2498 1308 2590 wimiis„

197 2619 388 2694 machinas,
401 2637 489 2701 quas
501 2617 691 2683 Christiani
710 2619 844 2699 magnis
855 2620 1049 2701 sumptibus
1064 2640 1145 2684 con-

195 2725 397 2783 struxerant
419 2717 463 2783 ad
488 2718 606 2782 urbem
626 2717 893 2801 subjugandam,
916 2717 952 2780 in
974 2729 1147 2783 momento

197 2819 361 2901 temporis
374 2816 569 2881 brevissimi
584 2816 739 2881 funditus
756 2818 1003 2893 concremavit,
1021 2825 1057 2882 et
1073 2837 1146 2882 om-

196 2919 252 2982 nia
268 2917 371 2982 tertio
385 2936 495 2981 nonas
511 2915 599 2981 Maii
612 2917 648 2979 in
663 2917 813 2981 cinerem
829 2915 973 2998 redegit.

393 3094 443 3157 Do
450 3089 665 3179 proditoribus
682 3088 940 3155 Christianitatis.

246 3219 376 3284 Eodem
392 3226 546 3300 tempore
563 3210 746 3281 ²Anserius
759 3215 802 3279 de
820 3213 1069 3295 Monte-regali
1086 3213 1144 3276 de·
1157 3227 1292 3316 insomnia·

195 3321 285 3384 texit
297 3318 539 3401 proditionem,
549 3336 653 3400 quam
665 3316 818 3380 fecerant
831 3314 907 3395 ipse
918 3321 953 3377 et
964 3314 1146 3395 episcopus
1157 3278 1271 3378 {wrm
1292 3285 1307 3315 '²

195 3419 434 3494 Beluacensis,
450 3436 565 3481 comes
584 3415 772 3491 Robertus‚
792 3413 900 3476 frater
921 3412 1010 3495 ejus,
1028 3410 1145 3476 Guido

196 3518 372 3600 Dunperc,
407 3516 683 3597 Landegravius,
715 3522 750 3579 et
786 3530 901 3578 comes
934 3511 976 3574 de
1008 3508 1143 3587 Gelres,

194 3618 285 3682 unde
303 3625 467 3699 ceperant
484 3636 506 3681 a
522 3615 710 3680 Salaadino
726 3609 888 3694 ³triginta
904 3609 1011 3674 millia
1028 3610 1144 3673 bizan-

194 3718 320 3782 tiorum
338 3725 373 3782 et
386 3725 523 3781 centum
541 3734 675 3781 marcas
692 3714 780 3790 auri,
802 3720 838 3776 et
859 3718 1029 3792 praeterea
1051 3707 1144 3772 Lan-

192 3817 379 3898 degravius
404 3816 524 3880 habuit
551 3823 703 3898 quatuor
719 3811 881 3886 camelos,
901 3809 988 3873 duos
1009 3808 1142 3888 leopar-

227 3991 656 4056 ¹13nucroem.]1)ioeto,col.u⁵s.
715 3986 853 4038 ’Ananias
875 3989 904 4036 de
929 3984 1112 4047 Monte-regati.
1134 3985 1145 4048 ]

193 4065 304 4114 Vinsaus
319 4063 414 4126 speaks
430 4063 459 4112 of
472 4062 514 4111 the
530 4076 617 4124 power
632 4061 661 4109 of
682 4060 784 4121 Dicam,
795 4058 842 4106 col.
854 4061 912 4107 osb.

192 4135 234 4184 tbe
251 4133 339 4185 Greek
357 4135 401 4182 tire
417 4147 447 4182 as
463 4138 506 4181 not
523 4138 549 4181 to
566 4132 597 4181 be
613 4145 657 4180 ex·

193 4203 339 4268 tingnisbed
351 4205 482 4274 bywatpr,
493 4204 539 4252 but
551 4203 584 4264 by
593 4201 656 4250 saud
711 4188 952 4264 'Trigintnmittio.]
963 4192 1148 4259 ‘Trigintnduo

192 4276 243 4324 end
254 4276 376 4335 vinegar3
393 4289 419 4336 p.
431 4276 489 4323 Μ.
684 4261 786 4327 millias
804 4266 903 4316 Diceto.
