2970 5016
405 455 545 506 rnouns
568 442 1104 509 euroaustrum

151 610 241 675 lidus
258 620 294 675 et
307 609 419 688 fortis,
436 612 518 676 licet
533 615 775 679 moestissimus
791 623 827 680 et
839 614 1102 693 anxius,coram
1114 658 1169 698 Α»
1181 660 1236 698 ,Μ

150 712 249 775 vobis
271 696 393 775 resedi
452 710 624 776 Redditus
645 714 763 797 itaque
783 714 878 791 mihi,
900 735 978 778 cum
996 734 1018 779 a
1033 715 1102 779 fra·
1113 708 1267 799 fflfflmf

150 809 261 873 tribus
278 808 421 873 audivi
405 828 482 892 Jam
497 809 702 875 Paschalem
723 812 844 877 adesse
865 813 1102 891 festivitatem,
1115 808 1228 852 ΨΜ·

152 914 235 972 tunc
252 909 380 971 certius
402 907 631 973 animadverti
654 911 835 975 classicum
858 912 943 975 illud
967 912 1031 975 hoc
1047 913 1102 975 in·

151 1007 281 1082 unisse,
304 1006 515 1088 quodetiam
532 1008 623 1088 apud
640 1010 733 1072 cives
758 1011 914 1073 coelestes
935 1030 1003 1074 non
1025 1011 1100 1074 sine

151 1103 315 1168 ineffabili
324 1104 544 1187 jucunditate
561 1113 666 1187 atque
682 1106 807 1172 festiva
826 1109 1025 1172 celebritate
1047 1128 1102 1172 re·

152 1203 278 1266 colitur
299 1202 422 1265 salutis
447 1201 607 1266 humanae
631 1208 844 1287 mysterium,
865 1206 956 1288 quod
982 1208 1017 1269 in
1044 1226 1102 1270 so·

152 1299 330 1363 lemnitate
348 1299 510 1363 Paschali
532 1309 696 1381 operatus
719 1312 773 1366 est
793 1305 830 1366 in
853 1304 964 1368 medio
987 1312 1101 1382 terrae,

151 1399 212 1480 qui
246 1397 366 1461 eodem
395 1406 569 1462 momento
598 1399 680 1462 olim
705 1401 827 1464 caelum
852 1410 887 1465 et
904 1409 1030 1464 terram
1056 1422 1101 1466 ex

151 1496 259 1560 nihilo
286 1497 418 1560 creavit
445 1495 551 1560 Jesus
580 1495 738 1561 Christus
768 1499 939 1562 Dominus
970 1507 1100 1577 noster,

153 1596 209 1658 cui
235 1601 288 1657 est
310 1614 389 1658 cum
416 1593 523 1659 Patre
548 1603 721 1659 coaeterno
748 1605 783 1660 et
815 1597 946 1678 Spiritu
971 1596 1100 1663 Sancto

152 1692 262 1756 honor
289 1700 325 1758 et
348 1693 529 1775 imperinm
560 1712 622 1775 per
648 1694 785 1759 infinita
818 1696 936 1759 secula
967 1696 1104 1759 seculo*

151 1810 240 1855 rum.
290 1787 427 1854 Amen!

263 1971 315 2036 Da
328 1979 422 2038 mute
436 1971 582 2050 Heus-ici,
598 1972 678 2058 reyis
692 1973 980 2057 Hierosolymitooi.

202 2086 333 2152 Eodem
365 2094 519 2168 ternpore
548 2086 723 2151 Henricus
748 2086 791 2150 de
818 2087 1009 2170 Campana,
1038 2106 1101 2151 rex
1113 2101 1255 2200 ”iim‘m

153 2185 504 2268 Hierosolymitanus,
522 2186 582 2268 qui
603 2186 677 2266 regi
694 2185 847 2250 Gnidoni
873 2194 1100 2263 successerat,
1111 2152 1228 2291 orgeiiw

152 2285 196 2349 de
223 2284 374 2349 fenestra
398 2284 616 2347 eminentiori
644 2283 824 2367 cujusdam
853 2277 1074 2348 ¹coenaculi
1064 2251 1155 2348 ιιι1οω

152 2383 278 2466 plateae
302 2382 538 2464 pavimentum
559 2400 734 2459 corruens,
757 2382 877 2445 fractis
897 2383 1101 2461 cervicibus,

154 2481 369 2563 exspiravit3
395 2487 471 2544 erat
486 2486 601 2544 autern
622 2499 729 2562 nepos
752 2499 871 2560 regum
889 2480 1102 2544 Francorum

153 2588 189 2644 et
203 2577 409 2658 Anglorum,
433 2576 587 2660 Philippi
612 2577 772 2641 videlicet
798 2586 834 2642 et
856 2578 1035 2653 Richardi,
1055 2598 1101 2642 ex

153 2677 226 2741 filia
243 2674 431 2752 Lodowici,
445 2676 538 2758 regis
560 2676 784 2751 Francorum,
805 2675 914 2756 patris
935 2674 1101 2758 Philippi,

153 2794 257 2858 quem
283 2781 482 2854 susceperat
504 2793 550 2837 ex
567 2770 734 2837 Alienora
756 2773 877 2855 regine
898 2791 974 2849 suo,
996 2791 1101 2853 quam

156 2882 192 2938 et
206 2892 270 2937 rex
280 2871 475 2953 Anglorum
491 2870 679 2948 Henricus,
698 2878 799 2953 pater
814 2870 907 2952 regis
922 2868 1103 2948 Richardi,

153 2970 372 3054 postmodum
395 2969 498 3034 duxit
518 2970 554 3032 in
578 2988 732 3033 uxorem.
785 2968 960 3033 Defuncto
982 2969 1102 3050 itaque

153 3089 235 3151 rege
251 3069 325 3152 jam
348 3068 454 3144 dicto,
476 3074 590 3131 status
619 3074 721 3130 tcrrae
751 3075 882 3133 sanctae
907 3067 1101 3131 necessario

154 3187 271 3249 regem
292 3166 478 3246 exigebat3
502 3164 592 3228 unde
611 3167 765 3228 unanimi
785 3183 954 3229 consensu
968 3166 1050 3229 cleri
1066 3173 1102 3230 et

154 3264 274 3348 populi
295 3263 425 3328 electus
447 3269 501 3325 est
523 3263 576 3325 vir
598 3262 738 3344 quidam
761 3263 906 3327 illustris
929 3263 972 3326 de
994 3282 1101 3344 regno

156 3364 380 3437 Francorum
396 3353 437 3423 ’J
440 3360 593 3423 ohannes
610 3359 652 3423 de
668 3361 824 3437 Eremos,
846 3361 881 3423 in
904 3379 941 3422 re
960 3361 1101 3424 militari

155 3458 483 3543 experientissimus,
506 3458 566 3539 qui
590 3464 626 3522 et
648 3459 684 3520 in
701 3478 816 3539 regem
834 3465 888 3521 est
905 3464 1101 3533 coronatus,

154 3560 218 3623 sub
235 3558 334 3640 cujus
350 3554 520 3620 industria
536 3556 633 3636 regni
656 3558 797 3637 negotia
815 3562 898 3618 sunt
918 3554 1103 3637 plurimum

153 3663 369 3740 prosperata.

189 3812 357 3875 'Coemculffl
374 3812 450 3860 ‘dum
469 3812 615 3872 loqueretur
640 3811 730 3873 reden,
757 3809 895 3875 Milieent,)
917 3811 968 3859 hed
995 3809 1104 3858 married

151 3886 185 3936 ad
197 3884 285 3934 turbas
295 3881 312 3942 ;’
327 3880 462 3942 Hereden,
472 3895 499 3941 p.
510 3884 568 3930 ⁷⁷2.
641 3880 765 3941 Amaury,
775 3881 818 3928 the
830 3881 929 3930 brother
939 3879 990 3927 ond
1001 3892 1103 3927 succes·

642 3963 684 3996 sor
699 3949 728 3997 ol
741 3949 804 4009 Guy
819 3949 848 3998 of
861 3950 1001 4009 Lusignen,
1016 3946 1042 3993 in
1061 3946 1104 3994 the

189 4017 507 4082 ’semmurum
525 4015 616 4065 Before
642 4017 725 4065 island
741 4017 770 4064 of
784 4017 895 4079 cyprus,
910 4016 961 4065 and
977 4016 1036 4076 they
1053 4014 1105 4062 had

152 4092 223 4143 John
233 4090 262 4139 ot
270 4089 380 4137 Brlenne
388 4085 529 4140 succeeded
538 4091 563 4133 to
574 4085 617 4132 the
642 4087 706 4133 been
717 4087 834 4133 crowned
845 4087 908 4146 king
920 4085 971 4133 ond
987 4097 1068 4144 queen
1079 4083 1109 4132 ot

152 4160 274 4223 kingdom
293 4157 323 4204 of
336 4155 490 4215 Jerusalem,
506 4149 617 4214 Henrys
642 4154 785 4202 Jerusalem
796 4155 847 4204 end
858 4154 968 4216 cyprus
991 4153 1106 4214 Amnnry

151 4225 366 4281 wrdowlaabells
376 4224 555 4292 (accordmgto
563 4222 618 4271 llo
643 4222 826 4273 diedmlaos.
