2970 5016
455 466 595 516 amnas
619 466 893 519 ursronrnnorr.
1082 456 1149 523 125

264 696 315 762 De
328 698 522 765 admirando
529 699 716 814 poenitentia
729 701 883 786 Hoyonis,
903 701 1068 768 Castrensis

600 800 744 885 episcopi.

249 919 379 984 Eodem
399 940 490 985 anno
514 921 622 1003 Hugo
639 922 682 984 de
703 922 737 985 N
740 932 861 1000 unont
868 923 1146 988 conventrensis
1160 941 1215 982 Ab
1225 943 1282 982 ιιιι.

196 1019 272 1082 sive
305 1017 501 1084 Cestrensis
534 1022 728 1103 episcopus,
759 1021 909 1085 Romam
940 1023 1120 1086 tendens
1110 1043 1172 1086 ιιι
1159 991 1275 1090 Pr‘rr'r‘r‘sif'

198 1115 415 1181 Normannia
444 1120 552 1200 coepit
580 1120 734 1200 graviter
760 1119 948 1196 infirmari3
985 1140 1144 1203 cumque,
1158 1090 1266 1180 ἓιιῗῖιῗΨ

196 1215 458 1296 ingravescente
486 1217 703 1299 aegritudine,
732 1225 877 1282 mortem
905 1220 971 1282 sibi
996 1220 1145 1285 vicinam

196 1315 430 1394 cognovisset,
446 1315 528 1379 fecit
544 1315 706 1379 accersiri
728 1317 821 1380 viros
841 1317 1021 1398 religiosos
1039 1319 1145 1383 totius

198 1411 423 1477 Normanniee
441 1434 529 1496 quos
544 1414 671 1478 habere
692 1421 830 1497 poterat
851 1415 995 1479 abbates
1017 1426 1052 1480 et
1075 1417 1145 1497 pri-

196 1528 287 1587 ores,
304 1519 351 1589 et,
377 1513 596 1577 audientibus
618 1514 765 1590 cunctis,
780 1532 865 1577 voce
888 1514 1041 1577 clamosa
1066 1534 1145 1578 con-

195 1607 307 1673 fessus
327 1619 381 1676 est
400 1631 486 1694 pure
509 1619 545 1675 et
567 1612 720 1675 maxime
741 1612 854 1676 cordis
876 1612 1082 1676 contritione
1104 1632 1145 1677 ao

196 1705 450 1791 lachrymarum
478 1709 612 1794 jugiter
639 1711 805 1775 effusione
840 1711 954 1775 omnia
986 1719 1144 1793 peccata,

197 1807 328 1871 scelera
341 1814 377 1872 et
392 1809 615 1873 enormitates
637 1828 767 1886 omnes,
785 1829 864 1892 quae
884 1829 956 1876 suae
971 1811 1144 1874 memoriae

195 1909 433 1974 occurrebant.
469 1908 585 1972 Tanta
601 1915 717 1972 autem
734 1909 904 1972 contritus
919 1916 993 1973 erat
1006 1915 1041 1971 et
1055 1928 1145 1973 com·
1183 1968 1188 1973 .

195 2012 311 2069 motus
338 2006 558 2088 poenitentia,
582 2007 675 2089 quod
703 2026 822 2070 omnes
846 2006 1025 2071 adstantes
1047 2016 1083 2071 et
1108 2027 1145 2071 se

195 2103 370 2170 intuentes
390 2106 434 2171 ad
459 2106 654 2188 lachrymas
680 2113 714 2170 et
738 2106 912 2187 singultus
937 2107 1143 2186 commovit;

195 2201 344 2287 denique
368 2204 454 2268 flens
480 2212 516 2270 et
540 2205 688 2288 eJulans,
713 2206 938 2286 manibusque
965 2205 1144 2285 consertis,

195 2301 359 2383 praelatos
387 2322 505 2367 omnes
532 2303 568 2366 in
599 2304 727 2367 virtute
750 2304 817 2367 Dei
839 2304 1034 2388 adjurabat,
1058 2323 1145 2386 qua·
1183 2308 1188 2318 '

194 2407 296 2464 tenus
327 2401 393 2466 sibi
420 2402 606 2485 poenitenti
624 2421 728 2484 super
751 2409 805 2466 tot
827 2410 863 2466 et
887 2403 994 2467 tantis
1018 2402 1144 2484 flagiti-

193 2517 292 2563 orum
319 2501 519 2564 excessibus
544 2520 684 2583 poenam
711 2500 909 2582 infligerent
929 2509 964 2566 et
984 2501 1145 2565 satisfac·

194 2597 324 2662 tionem
348 2597 566 2681 condignam.
617 2597 809 2664 Audientes
832 2606 948 2664 autem
970 2599 1037 2663 viri
1063 2600 1144 2662 reli·

196 2696 297 2778 giosi,
324 2698 384 2779 qui
411 2698 539 2762 lectulo
565 2696 762 2774 adstabant,
784 2699 820 2761 in
847 2697 1009 2779 episcopo
1035 2697 1142 2762 vitam

193 2795 281 2859 adeo
292 2795 501 2878 flagitiosam
512 2796 615 2860 simul
626 2805 662 2861 et
670 2795 906 2860 admirabilem
917 2796 1030 2859 cordis
1044 2789 1142 2860 ¹con·

193 2894 381 2971 tritionem,
406 2895 449 2958 ad
476 2896 624 2960 invicem
654 2914 730 2959 sese
755 2901 958 2958 contuentes
984 2896 1143 2958 obmutu-

193 3001 297 3057 erunt
316 2994 479 3070 universi,
500 2995 690 3058 nescientes
713 2993 795 3076 quid
817 2993 941 3058 darent
961 2993 1142 3057 consilium

194 3092 251 3156 vel
265 3091 347 3176 quid
364 3099 435 3156 tam
458 3093 573 3157 subito
596 3093 842 3175 responderent
856 3114 864 3173 ;
888 3092 981 3175 quod
998 3111 1141 3157 cernens

195 3191 377 3273 episcopus
393 3191 485 3255 dixit
497 3193 559 3268 eis,
571 3191 690 3268 ‘Scio,'
704 3193 829 3274 inquit,
841 3192 942 3268 ‘soio,
960 3193 1054 3275 quia,
1066 3199 1143 3257 tan-

195 3289 240 3352 tis
255 3291 517 3354 enormitatibus
533 3291 672 3367 auditis,
686 3290 856 3355 haesitatis
872 3291 963 3354 inter
973 3311 1048 3368 vos,
1058 3291 1141 3373 quid

193 3387 278 3451 mihi
305 3408 369 3470 pro
392 3390 598 3472 poenitentia
616 3390 805 3471 infligatis;
829 3389 889 3454 sed
913 3391 1055 3454 obsecro
1079 3409 1141 3453 vos

194 3487 231 3549 in
254 3488 391 3551 nomine
413 3487 436 3551 J
440 3507 501 3551 esu
520 3487 649 3551 Christi
670 3489 811 3552 Domini
833 3488 954 3563 nostri,
970 3494 1141 3569 quatenus

191 3586 228 3649 in
254 3586 330 3650 loco
357 3587 571 3669 poenitentiae
597 3594 631 3651 et
657 3588 894 3651 remissionem
921 3594 1141 3668 peccatorum

192 3703 347 3748 meorum
375 3685 566 3769 injungatis
591 3686 686 3763 mihi,
712 3693 752 3749 ut
772 3685 959 3749 secundum
981 3685 1142 3748 volunta-

192 3789 262 3847 tem
281 3783 348 3848 Dei
365 3785 431 3847 sim
454 3785 490 3847 in
513 3785 627 3866 poenis
644 3784 837 3867 purgatorii
860 3784 1027 3866 usquein
1052 3781 1142 3846 diem

185 3880 323 3966 judicii,
344 3891 385 3946 ut
408 3891 492 3947 tunc
515 3903 577 3965 per
604 3882 871 3949 misericordiam
898 3882 1142 3963 Redemptoris

191 3981 314 4058 nostri,
340 3983 400 4063 qui
428 4001 563 4064 semper
590 3983 857 4047 misericordiam
882 3981 1017 4044 exaltat
1039 3999 1145 4062 super

228 4151 235 4184 ¹
246 4156 431 4207 Contritiouem.
444 4151 458 4225 ]
478 4157 603 4221 Compare
621 4173 653 4207 an
680 4157 739 4205 who
750 4156 797 4205 bas
804 4155 880 4205 taken
891 4157 912 4204 it
921 4156 1008 4206 iroma
1017 4155 1143 4207 chronicle

189 4231 300 4275 account
310 4226 345 4287 by
356 4227 503 4291 Brompton,
517 4228 567 4279 col.
583 4231 655 4291 1222,
682 4228 714 4288 by
726 4225 831 4277 amonk
839 4225 869 4276 ot'
876 4224 991 4278 Cheetcr.
