2970 5016
453 479 591 530 rnonns
615 480 885 531 uisronmnuu.
1080 468 1146 532 187

191 638 377 720 Rupellam
410 632 624 722 ¹applicuit3
656 660 726 722 quo
760 641 892 718 audito,
923 642 1145 722 congratula·
1159 657 1281 697 rib-1²⁰⁶·

191 740 319 803 bantur
336 739 459 803 incolae
481 747 583 803 terrae
605 725 773 815 illius,'et
792 741 1000 822 quantocius
1024 741 1066 804 ad
1093 761 1146 805 re-

191 858 269 919 gem
294 839 519 903 convolantes
542 858 642 920 opem
663 840 695 903 ei
720 847 755 902 et
771 840 940 904 auxilium
962 841 1067 904 certis
1089 861 1146 904 as·

192 938 400 1002 sertionibus
427 938 671 1021 promiserunt.
724 937 885 1004 Securius
912 959 995 1021 ergo
1021 940 1148 1004 exinde

192 1036 417 1118 progrediens
438 1044 570 1120 partem
597 1038 663 1102 sibi
690 1057 759 1101 non
788 1038 958 1102 modicam
980 1046 1081 1104 terres
1107 1040 1148 1103 il-

194 1135 261 1200 lius
278 1136 490 1220 subjugavit.
521 1135 675 1200 Veniens
691 1137 829 1201 tandem
847 1137 890 1201 ad
908 1136 1148 1202 MontemAl-

195 1234 288 1311 bani,
310 1235 491 1301 castellum
518 1235 781 1313 nobilissimum,
801 1238 837 1301 in
862 1257 931 1319 quo
954 1244 1030 1301 tota
1058 1237 1147 1301 mili·

195 1334 281 1398 tan‘s
304 1334 467 1400 nobilitas
491 1334 585 1400 illius
611 1335 761 1415 regionis
782 1344 818 1400 et
839 1337 1012 1418 praecipue
1037 1338 1148 1419 ipsius

195 1434 288 1515 regis
316 1433 445 1498 inimici
471 1435 676 1499 tenebantur
701 1435 838 1513 inclusi,
872 1434 957 1498 illud
991 1437 1149 1518 protinus

196 1532 315 1597 cuneis
332 1534 538 1599 militaribus
554 1531 806 1599 circumcinxit.
860 1533 947 1597 Cum
964 1534 1072 1616 igitur
1088 1555 1149 1616 per

195 1632 269 1698 dies
293 1632 488 1715 quindecim
520 1633 701 1698 castellum
727 1634 892 1698 continuo
919 1634 1148 1717 petrariarum

196 1731 328 1797 insultu
346 1739 381 1796 et
395 1731 600 1798 balistarum
619 1732 871 1817 luudarumque
884 1734 986 1818 jactu
1001 1734 1036 1796 in
1052 1752 1149 1797 max·

197 1832 268 1894 imo
284 1831 359 1916 jam
382 1840 483 1913 parte
507 1832 763 1909 contrivissent,
793 1832 918 1897 militia
935 1831 1087 1914 Angliae,
1113 1833 1149 1896 in

196 1930 263 1994 boc
287 1931 503 2013 potissimum
529 1950 633 2015 opere
660 1931 858 2008 laudabilis,
885 1952 1004 1996 muros
1030 1951 1150 1996 ascen·

197 2030 278 2094 dere
302 2031 461 2113 ictusque
486 2030 723 2112 importabiles
746 2030 830 2095 dare
851 2040 886 2096 et
909 2033 1061 2114 recipere
1083 2032 1151 2095 ies-

198 2129 344 2194 tiusbat.
409 2128 686 2194 Praevuleutibus
713 2131 851 2194 tandem
879 2131 1087 2214 Angligenis
1114 2139 1149 2196 et

199 2227 343 2293 inclusis
363 2227 615 2306 deficientibus,
637 2237 777 2311 captum
798 2238 852 2295 est
873 2232 1055 2296 castellum
1075 2251 1151 2294 mu-

198 2327 404 2392 nitissimum
438 2328 482 2391 de
520 2326 802 2407 Monte-Albani,
839 2331 930 2412 quod
972 2330 1149 2396 obsidione

198 2428 357 2508 septenni
388 2420 552 2491 ²(larolus
574 2447 721 2510 magnus
752 2429 834 2492 olim
862 2429 1050 2512 subjugare
1081 2450 1149 2493 non
1248 2493 1251 2498 .

198 2527 342 2608 potuit3
377 2528 517 2590 nomina
547 2535 663 2590 autem
697 2535 899 2609 magnatum
930 2535 965 2592 et
997 2529 1148 2592 virorum

199 2626 398 2700 illustrium,
417 2627 476 2708 qui
499 2626 534 2689 in
557 2626 702 2690 castello
724 2645 802 2690 cum
825 2628 921 2710 cquis
939 2635 975 2690 et
994 2628 1099 2690 armis
1115 2635 1150 2692 et

199 2725 320 2807 spoliis
340 2726 528 2790 innumeris
548 2726 642 2808 capti
665 2732 758 2802 suut,
782 2746 844 2790 rex
864 2725 1057 2807 Anglorum
1073 2726 1150 2810 jus-

199 2825 342 2889 ticiariis
375 2832 412 2889 et
435 2825 606 2908 episcopis
630 2824 769 2907 Angliee
798 2827 1001 2908 caterisque
1029 2826 1153 2890 nobili-

201 2925 267 2988 bus
289 2924 494 2989 litteratorie
518 2924 739 3007 significavit.
792 2924 943 3008 Captum
964 2931 1019 2989 est
1036 2933 1152 2990 autem

200 3024 381 3089 castellnm
406 3024 442 3087 in
466 3024 522 3088 die
550 3024 684 3090 scilicet
705 3016 837 3090 ³sancti
861 3024 969 3103 Petri,
988 3027 1049 3110 qui
1068 3025 1152 3090 dici·

202 3130 260 3187 tur
275 3124 342 3187 ‘ad
360 3121 523 3189 vincula!

280 3298 330 3360 De
346 3298 493 3384 lepetione
508 3297 663 3361 Jolennis
680 3297 845 3362 Ferentini
861 3298 895 3362 in
912 3298 1075 3383 Anplinnr.
1102 3307 1106 3316 '
1216 3340 1219 3346 ·

254 3422 384 3486 Eodem
404 3442 497 3486 anuo
514 3421 694 3487 Johannes
716 3421 934 3507 Fauentinus,
954 3422 1154 3503 apostolicae
1167 3442 1285 3502 couneus

202 3521 295 3585 sedis
317 3522 467 3604 legatus,
491 3523 633 3587 veniens
661 3522 697 3585 in
720 3519 887 3602 Angliam
912 3540 1056 3602 eamque
1078 3493 1272 3602 ρετ-ΜΨ

239 3714 404 3779 applicate]
424 3714 548 3778 Compare
561 3715 666 3778 Rigord,
691 3715 750 3778 ben,
758 3714 886 3776 supposed
893 3715 927 3777 by
934 3713 1048 3763 Fanchet
1058 3717 1083 3763 to
1092 3713 1156 3764 bars

202 3801 230 3846 p.
246 3789 296 3845 dt);
320 3783 415 3835 chron.
433 3785 465 3834 de
488 3786 514 3834 S.
532 3785 623 3846 Denis,
639 3800 666 3846 p.
692 3785 756 3833 been
772 3786 873 3833 written
891 3785 924 3845 by
937 3784 1017 3832 Huon
1033 3783 1066 3831 de
1077 3784 1157 3832 Ville-

203 3858 268 3903 893:
287 3855 314 3902 in
325 3855 423 3903 neither
434 3856 456 3903 is
473 3856 582 3904 mention
594 3855 667 3904 made
694 3869 774 3903 neure
791 3856 818 3902 iu
829 3854 871 3903 the
883 3854 1017 3903 thirteeuth
1036 3857 1139 3914 century
1149 3870 1155 3901 ε

202 3924 231 3973 of
240 3924 281 3973 the
292 3924 383 3987 taking
393 3924 422 3974 of
431 3925 596 3974 Moutuuben.
694 3922 1157 3986 scopyoiitwassoldsttbednlre

695 3994 728 4042 de
746 3994 772 4043 ln
792 3990 925 4043 anlibre’s
947 3993 1000 4042 sale
1020 3993 1059 4041 ior
1078 3993 1158 4054 sixty·

238 4061 364 4113 ‘Carolus
386 4062 519 4127 magna]
551 4064 669 4113 nllusion
695 4064 766 4124 eight
776 4064 868 4112 francs.

203 4134 354 4194 apparently
371 4135 393 4183 is
413 4135 473 4183 bere
491 4134 564 4184 mede
584 4139 610 4182 to
628 4133 670 4181 the
731 4131 914 4182 ³Sunctil’etri
925 4169 930 4183 .
941 4167 947 4183 .
959 4169 965 4183 .
977 4127 1159 4196 ‘udcincnln.’]

203 4218 320 4253 romanoe
337 4204 366 4253 ol
379 4204 485 4255 Renaud
503 4205 535 4254 de
553 4205 671 4253 blontuu·
697 4203 800 4266 August
814 4207 860 4253 lst.
