2970 5016
345 456 410 518 106
601 471 736 519 aocnar
761 472 808 517 ns
832 469 1041 517 wunnovna

182 644 307 683 arr-¹¹⁹⁶.
347 627 507 691 nebulam
533 627 759 692 intolerabilis
784 626 919 690 foetoris
940 625 1074 708 jugiter
1099 624 1302 691 exhalabat.

345 846 466 907 rogum
491 825 536 888 ad
558 827 654 907 ipsos
675 845 786 908 usque
812 824 889 888 carli
912 823 1071 887 cardines
1096 823 1300 900 emittebat;

343 945 389 989 ex
413 926 574 1007 opposito
603 932 720 988 autem
745 923 981 1005 promontorio
1014 922 1113 985 collis
1141 922 1298 1004 ejusdem

345 1032 445 1088 tanta
463 1023 602 1106 frigoris
620 1024 831 1098 immanitas,
848 1022 1006 1086 certatim
1030 1021 1121 1084 nivis
1140 1028 1176 1085 et
1194 1040 1302 1101 gran·

344 1123 434 1186 dinis
453 1122 677 1187 saevientibus
697 1121 870 1203 procellis,
895 1120 1043 1200 rigebat,
1066 1119 1184 1183 utillo
1204 1128 1301 1184 eate-

345 1240 410 1284 nus
440 1222 560 1302 algore
590 1220 674 1283 nihil
704 1219 876 1302 poenalins
905 1238 960 1281 me
989 1219 1185 1300 putaverim
1215 1237 1300 1284 con·

344 1321 513 1401 spexisse.
563 1318 714 1383 Tractus
742 1318 844 1382 vallis
872 1317 1086 1400 prascriptse
1110 1324 1147 1381 et
1169 1318 1299 1382 utrius-

344 1438 412 1501 que
440 1419 567 1484 montis
592 1418 715 1495 latera,
739 1437 818 1501 quae
841 1417 980 1497 frigoris
1008 1417 1169 1498 ignisque
1190 1416 1299 1482 facies

344 1517 515 1582 horrenda
544 1519 733 1594 invaserat,
760 1523 862 1581 tanta
892 1515 1112 1580 multitudine
1142 1515 1299 1581 fervebat

344 1619 550 1692 animarum,
573 1626 612 1681 ut
634 1615 747 1681 solent
769 1615 922 1687 alvearia
944 1616 1064 1678 crebro
1085 1634 1190 1696 apum
1212 1634 1299 1679 exa-

344 1716 433 1778 mine
462 1716 589 1779 referta
616 1724 769 1793 scatere3
800 1715 925 1795 quibus
950 1713 1015 1778 boc
1043 1713 1111 1777 fuit
1135 1713 1298 1795 generale

343 1814 560 1896 supplicium,
584 1814 675 1897 quod
706 1821 788 1877 tunc
816 1813 851 1875 in
885 1831 986 1875 amne
1008 1811 1131 1876 foetido
1161 1832 1298 1893 merge-

344 1913 492 1988 bantur;
517 1920 598 1976 tunc
621 1913 701 1976 inde
726 1919 946 1994 erumpentes
972 1911 1052 1975 hinc
1075 1911 1187 1975 obviis
1210 1913 1298 1992 igni·

344 2031 402 2073 um
424 2012 656 2075 voluminibus
680 2013 905 2086 vorabantur,
932 2029 973 2074 ac
997 2010 1148 2087 demum,
1172 2010 1297 2074 fluctu·

344 2110 484 2172 antibus
527 2109 741 2172 flammarum
778 2110 904 2190 globis,
939 2116 1103 2191 tanquam
1144 2109 1297 2173 fornacis

343 2207 503 2271 scintillae
529 2208 567 2270 in
595 2206 723 2271 editum
751 2208 877 2272 delatae
906 2215 942 2271 et
968 2209 1005 2271 in
1033 2208 1177 2272 alterius
1209 2207 1297 2291 ripae

343 2304 514 2387 profunda
536 2305 705 2383 demissae,
728 2307 921 2370 turbinibus
942 2314 1136 2383 ventorum,
1158 2306 1298 2388 frigori-

344 2404 408 2468 bus
439 2406 570 2469 nivium
597 2413 633 2468 et
658 2406 905 2486 asperitatibus
933 2406 1141 2487 grandinum
1175 2406 1298 2470 redde-

343 2502 489 2581 bantur;
509 2504 587 2567 inde
604 2504 843 2585 praecipitatae,
859 2514 894 2569 et
910 2506 1010 2588 quasi
1025 2504 1191 2570 violentia
1208 2513 1297 2569 tern-

344 2610 518 2683 pestatum
539 2602 761 2684 refugientes,
783 2605 907 2667 iterum
931 2603 1112 2667 foetoribus
1140 2603 1237 2667 fluvii
1260 2614 1297 2671 et

344 2701 648 2767 incremationibus
670 2702 913 2766 debacchantis
936 2702 1085 2765 incendii
1112 2703 1297 2766 trudeban-

345 2808 410 2863 tur.
459 2800 636 2879 Quosdam
655 2801 815 2877 flammae,
833 2800 1000 2882 quosdam
1017 2801 1148 2882 frigora
1164 2801 1296 2866 diutius

345 2901 557 2976 cruciabant,
583 2909 618 2964 ct
643 2900 783 2981 quidam
810 2902 845 2963 in
870 2900 981 2963 amnis
1007 2899 1133 2964 foetore
1161 2919 1294 2964 moram

345 2997 516 3061 ducebant
538 2998 742 3078 largiorem3
765 2999 866 3075 alios,
886 2999 986 3080 quasi
1005 2999 1100 3062 olcas
1119 2999 1156 3062 in
1174 3000 1296 3081 praelo,

344 3097 395 3159 ita
417 3095 593 3158 mediisin
614 3096 760 3161 flammis
780 3098 970 3180 comprimi,
988 3098 1080 3180 quod
1100 3098 1195 3162 dictu
1215 3098 1296 3163 hor-

345 3194 444 3257 ribile
468 3201 533 3270 est,
553 3202 590 3257 et
607 3195 840 3261 indesinenter
862 3198 991 3260 arctari
1008 3198 1173 3261 visebam.
1212 3197 1298 3260 Om-

345 3293 439 3356 nium
460 3293 579 3374 igitur,
597 3295 656 3377 qui
677 3296 748 3358 illic
768 3296 1021 3372 cruciabantur,
1039 3297 1109 3359 ista
1130 3296 1196 3361 fuit
1212 3317 1296 3361 con-

344 3391 441 3468 ditio,
459 3393 551 3474 quod
573 3393 616 3457 ad
636 3394 875 3476 perficiendam
892 3395 1109 3477 purgationis
1125 3413 1198 3458 suae
1221 3396 1295 3477 ple-

344 3491 533 3555 nitudinem
552 3495 669 3557 omnia
688 3493 781 3557 illius
803 3494 869 3556 laci
893 3513 914 3557 a
931 3494 1101 3577 principio
1120 3496 1294 3577 usquead

343 3590 445 3654 finem
466 3612 642 3674 permeare
661 3593 776 3674 spatia
798 3595 1022 3673 cogebantur.
1062 3593 1222 3657 Maxima
1240 3602 1295 3659 ta·

343 3709 421 3752 men
446 3699 481 3754 et
506 3692 724 3754 multiformis
748 3700 823 3755 erat
851 3692 899 3756 ibi
922 3692 1126 3756 afflictorum
1149 3692 1294 3757 distinc-

344 3789 405 3865 tio,
428 3790 511 3872 qnia
535 3791 611 3854 istis
633 3791 743 3854 levior
768 3799 802 3854 et
830 3792 924 3856 ocior
950 3792 1206 3872 indulgebatur,
1229 3811 1293 3873 pro

342 3889 541 3952 meritorum
564 3890 733 3971 qualitate
756 3898 791 3953 et
815 3891 1021 3954 collatorum
1045 3890 1111 3953 sibi
1134 3899 1214 3972 post
1238 3891 1293 3954 fu·

342 4007 425 4050 nera
452 3988 694 4052 beneficiorum
722 3991 929 4071 quantitate,
949 3991 1128 4066 transituS,
1157 3998 1192 4053 et
1217 4010 1292 4053 ma-

336 4085 472 4166 joribus
492 4088 634 4152 obnoxii
657 4090 809 4152 reatibus
833 4098 866 4152 et
886 4090 1155 4153 restrictioribus
1180 4087 1293 4171 adjuti

341 4186 499 4249 remediis
527 4189 697 4269 supplicio
724 4189 875 4269 graviori
903 4196 936 4253 ct
964 4189 1099 4253 diutino
1129 4190 1294 4253 teneban-
