2970 5016
338 436 405 500 att
594 448 729 496 uocum
754 447 801 492 na
824 443 1033 492 wnunovnu

179 624 233 665 un.
244 627 300 666 121³.
341 604 554 679 Messanam,
568 603 626 665 ubi
644 609 680 665 et
695 620 758 663 nus
783 620 845 683 per
868 600 936 662 Dei
959 599 1107 679 gratiam
1128 616 1291 680 persona·

340 702 421 766 liter
436 702 558 765 adesse
577 700 822 782 disposuimus,
838 706 1009 780 quatenus
1023 705 1145 760 nostro
1159 696 1291 760 auxilio

340 810 377 865 et
393 801 537 864 consilio
560 800 736 863 exercitus
759 797 977 861 Christianus
995 796 1183 859 salubriter
1200 795 1291 859 ordi-

341 911 455 975 netur,
472 918 551 962 eum
567 896 804 961 benedictione
819 895 939 960 diviua
954 903 990 959 et
1006 895 1201 977 apostolica
1213 913 1293 977 pro-

342 998 507 1062 fecturus.
558 995 635 1059 Nos
652 1005 768 1060 autem
785 995 828 1058 de
841 995 1089 1077 omnipotentis
1105 993 1175 1058 Dei
1191 992 1292 1056 mise-

343 1097 492 1160 ricordia
515 1104 551 1158 et
567 1096 745 1157 beatorum
768 1093 1005 1176 apostolorum
1021 1092 1116 1156 Petri
1138 1100 1176 1156 et
1191 1091 1294 1155 Pauli

343 1195 551 1259 auctoritate
574 1193 708 1270 confisi,
728 1212 772 1256 ex
793 1193 865 1268 illa,
886 1211 990 1275 quam
1010 1192 1122 1268 nobis,
1144 1191 1226 1255 licet
1240 1192 1293 1253 in·

344 1294 471 1375 dignis,
489 1294 585 1356 Deus
607 1291 739 1374 ligandi
757 1300 863 1374 atque
882 1290 1040 1355 solvendi
1058 1292 1209 1354 contulit
1232 1310 1293 1372 po-

345 1399 518 1468 testatem,
541 1392 711 1466 omnibns,
726 1391 787 1472 qui
808 1391 959 1453 laborem
976 1390 1081 1454 istum
1095 1390 1132 1451 iu
1146 1390 1293 1471 propriis

344 1491 502 1573 personis
528 1490 696 1554 subierint
724 1497 759 1552 et
784 1489 960 1572 expensis,
986 1488 1125 1570 plenam
1151 1508 1292 1552 suorum

344 1590 593 1671 peccaminum,
623 1589 814 1670 dequibus
842 1588 1011 1651 veraciter
1035 1586 1164 1651 luerint
1190 1587 1292 1650 corde

345 1688 497 1763 contriti,
525 1706 584 1750 ore
611 1686 771 1762 confessi,
788 1686 923 1749 veniam
942 1685 1175 1767 indulgemus,
1201 1686 1293 1749 etin

346 1785 571 1850 retributione
590 1785 765 1868 justorum
787 1785 911 1848 salutis
935 1794 1075 1848 aeternae
1094 1785 1295 1866 pollicemur

346 1892 591 1967 augmentum
616 1885 666 1948 eis
691 1893 818 1959 autem,
834 1884 893 1964 qui
910 1903 979 1947 uon
1001 1885 1202 1965 inpropriis
1217 1904 1292 1967 per·

345 1983 441 2046 sonis
462 1984 544 2046 illuc
561 1983 783 2061 accesserint,
802 1982 862 2046 sed
879 1983 915 2045 in
929 1983 1002 2045 suis
1015 1984 1179 2064 expensis
1192 1987 1294 2067 juxta

345 2081 547 2145 facultatem
568 2101 667 2144 suam
688 2082 781 2145 viros
808 2081 950 2144 idoneos
975 2081 1236 2157 destinaverint,
1260 2089 1293 2145 et

345 2179 455 2259 quiin
470 2178 591 2241 alienis
606 2181 767 2260 expensis
783 2181 818 2242 in
839 2179 987 2262 propriis
1004 2180 1162 2261 personis
1184 2200 1296 2245 acces·

346 2276 465 2351 serint,
487 2276 624 2358 plenam
647 2278 865 2341 concedimus
895 2297 1034 2342 suorum
1054 2279 1193 2343 veniam
1217 2300 1294 2362 pec·

346 2381 511 2438 catorum.
556 2374 676 2458 Hujus
699 2396 837 2460 quoque
853 2378 1063 2441 remissionis
1078 2378 1295 2442 concedimus

345 2493 422 2537 esse
446 2474 644 2556 participes,
664 2476 723 2557 qui
738 2476 781 2539 ad
793 2477 1054 2540 subventionem
1069 2477 1180 2558 ipsius
1197 2485 1293 2541 terrae

346 2573 388 2636 de
417 2573 516 2636 bonis
542 2574 614 2636 suis
644 2594 795 2655 congrue
825 2576 1081 2651 ministrabunt,
1112 2584 1176 2639 aut
1205 2578 1294 2640 circa

346 2672 513 2753 praedicta
533 2672 714 2736 consilium
737 2682 771 2737 et
791 2673 960 2738 auxilium
982 2675 1226 2755 impenderunt
1240 2697 1298 2757 op-

346 2778 544 2851 portunum.
574 2773 743 2835 Omnibus
757 2773 861 2835 etiam
876 2772 1176 2854 proficiscentibus
1187 2776 1222 2837 in
1234 2775 1295 2838 boc

347 2888 450 2949 opere
467 2878 590 2932 sancta
606 2877 641 2932 et
653 2871 859 2934 universalis
875 2872 1029 2953 synodus
1051 2874 1249 2937 orationum
1263 2882 1296 2936 et

348 2967 589 3031 beneficiorum
604 2988 744 3032 suorum
761 2969 963 3051 suffragium
978 2972 1191 3052 impertitur,
1202 2982 1240 3037 ut
1250 2974 1296 3035 eis

348 3065 451 3145 digne
466 3067 624 3146 proficiat
639 3068 682 3130 ad
700 3069 858 3132 salutem.
910 3068 1048 3135 Amen.'

356 3237 409 3321 ¹De
423 3241 615 3304 accusatione
631 3242 791 3325 Stephani,
803 3242 1037 3306 Cantuariemis
1051 3242 1285 3327 archiepiscopi,

715 3342 819 3404 Roma
826 3342 932 3424 sacta.

401 3462 444 3524 Iu
467 3463 532 3526 boc
558 3463 704 3527 concilio
729 3472 900 3528 steterunt
926 3472 1048 3528 contra
1070 3465 1298 3547 archiepisco·

349 3578 430 3642 pum
462 3560 746 3626 Cantuariensem
778 3572 1017 3645 procuratores
1048 3565 1140 3645 regis
1167 3562 1299 3646 Anglo·

222 3649 247 3677 ¹¹⁸
315 3659 323 3668 '
349 3679 438 3736 rum,
461 3661 568 3724 abbas
592 3661 751 3726 videlicet
773 3662 816 3725 dc
840 3662 1046 3738 Bello-loco,
1077 3661 1232 3727 Thomas
1259 3663 1300 3725 de

239 3764 244 3776 '
350 3756 571 3823 Herdiutona
597 3767 633 3823 et
657 3760 867 3824 Godefridus
892 3761 934 3825 de
956 3763 1184 3837 Craucumbe,
1213 3762 1300 3824 mili·

351 3863 415 3933 tes,
449 3866 650 3922 constanter
680 3868 883 3923 accusantes
912 3880 990 3924 eum
1013 3861 1055 3923 de
1082 3861 1302 3924 conniventia

351 3955 518 4019 baronum
537 3957 688 4038 Angliae,
712 3958 872 4043 quodque
894 3960 1003 4041 ipsius
1026 3960 1145 4023 favore
1167 3967 1203 4023 et
1220 3979 1301 4023 con·

351 4054 429 4117 silio
456 4055 558 4119 iidem
582 4058 726 4120 barones
748 4058 876 4122 dictum
901 4079 1015 4139 regem
1036 4078 1058 4122 a
1085 4059 1173 4122 solio
1205 4059 1302 4140 regni

351 4150 521 4234 depellere
545 4157 767 4235 molirentur3
795 4166 830 4222 ct
857 4178 934 4221 cnm
961 4177 983 4220 a
1005 4158 1086 4222 sede
1109 4158 1301 4240 apostolica
