2970 5016
448 474 587 521 rnonns
611 471 883 520 menomenae.
1076 455 1141 518 341

192 628 334 691 tentinm
360 630 566 706 innovavit;
602 629 661 692 sed
690 636 884 708 magnetes,
917 629 1080 709 qnoniam
1106 629 1210 691 inim.
1225 640 1283 678 ¹²¹³·

191 727 389 792 authentico
424 728 552 792 domini
589 747 689 810 papae
725 727 841 790 nullus
876 746 994 790 eorum
1030 726 1143 791 iuerat

191 827 393 890 nominatim
414 846 611 911 expressus,
628 826 755 889 dictam
772 826 979 888 sententiam
999 845 1068 889 non
1085 826 1144 889 ob-

191 933 371 990 servantes
386 927 525 990 inanem
539 933 574 989 et
592 926 691 1008 qnasi
707 944 770 1007 pro
785 924 892 988 nihilo
910 924 1131 1006 reputabant.

266 1097 318 1161 De
333 1097 460 1163 conuitio
471 1096 746 1259 qenernligbpnpa
762 1097 941 1162 Innocentio
955 1097 1060 1160 Roma

583 1218 614 1260 ce
661 1204 739 1260 roto.

244 1310 374 1374 Eodem
397 1331 501 1387 anno,
526 1311 562 1373 id
586 1318 650 1388 est,
675 1311 869 1376 Dominicee
893 1312 1143 1377 incarnationis
1156 1326 1281 1366 norwith

193 1409 372 1473 millesimo
395 1410 630 1474 ducentesimo
655 1408 787 1474 decimo
814 1411 946 1492 quinto,
970 1412 1143 1475 celebrata
1156 1376 1248 1466 &effi

194 1516 247 1572 est
265 1507 388 1573 Romae
413 1516 535 1572 sancta
559 1516 595 1571 et
611 1502 617 1540 ¹
631 1509 837 1573 universalis
860 1510 1015 1592 synodus
1033 1512 1068 1573 in
1087 1531 1144 1574 ec·

193 1607 298 1670 clesia
315 1610 427 1671 sancti
444 1607 648 1682 Salvatoris‚
664 1627 743 1688 quse
760 1609 1014 1674 Constantiana
1026 1610 1146 1692 appel-

193 1706 297 1783 latur,
318 1726 435 1770 mense
451 1706 654 1782 Novembri,
676 1707 882 1789 praesidente
897 1726 989 1790 papa
1004 1708 1144 1772 domino

195 1805 399 1868 Innocentio
416 1807 532 1878 tertio,
554 1805 776 1888 pontificatus
798 1807 875 1888 ejus
896 1826 987 1869 anno
1011 1806 1144 1871 decimo

194 1912 330 1981 octavo,
354 1905 391 1966 in
412 1924 481 1987 qno
507 1904 645 1967 fuerunt
668 1905 820 1987 episcopi
843 1905 1086 1988 quadringenti
1109 1915 1145 1970 et

195 2002 386 2067 duodecim.
439 2003 537 2067 Inter
560 2022 648 2085 quos
667 2003 806 2066 fuerunt
821 2003 863 2066 de
883 2004 1067 2086 praecipuis
1082 2025 1145 2087 pa·

196 2100 355 2165 triarchee
378 2102 459 2178 duo,
483 2102 890 2185 constantinopolitanus
919 2103 1080 2167 videlicet
1109 2112 1145 2168 et

195 2199 547 2282 Hierosolymitanns.
599 2200 837 2266 Antiochenus
854 2221 936 2265 vero
953 2203 1052 2283 gravi
1068 2202 1144 2265 lan·

195 2317 304 2380 guore
318 2298 477 2363 detentus
491 2300 607 2363 venire
622 2321 689 2364 non
708 2301 833 2382 potuit,
848 2302 908 2364 sed
924 2302 1018 2364 misit
1027 2321 1090 2384 pro
1107 2321 1145 2365 se

196 2397 361 2460 vicarium
373 2417 471 2461 snum
482 2392 784 2462 ²Anterdidensem
798 2401 996 2481 episcopum
1009 2420 1018 2475 ;
1037 2398 1145 2464 Alex-

195 2495 361 2560 andrinus
377 2516 459 2560 vero
482 2499 547 2560 sub
570 2495 819 2561 Saracenorum
842 2498 993 2560 dominio
1015 2500 1145 2561 consti-

193 2604 292 2659 tutus
309 2595 390 2659 fecit
406 2595 497 2677 quod
518 2594 642 2677 potuit,
665 2597 806 2660 mittens
828 2616 890 2677 pro
907 2616 945 2659 se
963 2595 1144 2660 diaconum

194 2713 396 2776 germanum
410 2714 520 2757 suum.
570 2693 742 2758 Primates
759 2703 874 2759 antem
898 2702 933 2758 et
948 2695 1146 2777 metropoli-

195 2794 268 2856 tani
285 2795 509 2875 septuaginta
524 2800 668 2874 septem,
686 2795 829 2858 abbates
847 2801 882 2857 et
899 2793 1030 2875 priores
1052 2793 1146 2857 ultra

196 2893 427 2973 octingentos,
441 2899 683 2975 procuratores
701 2911 850 2976 qnoque,
868 2893 1144 2975 archiepiscopo-

197 3010 285 3061 rum.
306 2991 558 3073 episcoporum,
578 2992 755 3068 abbatum,
778 2992 930 3075 priorum
953 3000 989 3055 et
1011 2992 1145 3074 capitu-

196 3089 307 3152 lorum
330 3090 537 3167 absentium,
553 3098 667 3154 certus
684 3112 752 3155 non
770 3092 836 3155 fuit
853 3111 1027 3156 numerus.
1080 3090 1144 3155 Le-

196 3196 355 3268 gatorum
388 3209 470 3252 vcro
504 3191 721 3271 imperatoris
756 3190 1145 3274 Constantinopoliteni,

196 3288 289 3368 regis
307 3287 432 3352 Siciliae
453 3289 486 3350 in
513 3288 749 3352 Romanorum
771 3290 1012 3372 imperatorem
1033 3289 1145 3365 electi,

196 3387 287 3467 regis
313 3387 482 3462 Franciae,
503 3387 596 3468 regis
611 3386 762 3469 Angiiee,
786 3387 993 3470 Hungariae,
1017 3386 1145 3449 Hiero-

196 3486 408 3568 solymitnni,
433 3487 552 3572 Cypri,
581 3484 813 3568 Arragonum,
836 3505 968 3550 necnon
1000 3485 1145 3550 aliorum

196 3585 389 3666 principum
421 3594 456 3649 et
484 3593 697 3667 magnatum,
721 3585 901 3650 civitatum
925 3585 1028 3648 etiam
1058 3583 1146 3648 alio·

198 3702 342 3765 rumque
362 3684 528 3760 locorum,
548 3685 670 3765 ingens
693 3684 805 3748 adsuit
826 3683 1023 3748 multitudo.
1077 3681 1146 3745 His

197 3783 356 3845 omnibns
382 3784 604 3865 congregatis
631 3783 666 3845 in
693 3783 770 3848 loco
796 3783 955 3866 praesato,
982 3789 1018 3845 et
1039 3781 1146 3864 juxta

197 3900 326 3944 morem
347 3883 569 3946 conciliorum
595 3881 807 3962 generalium
828 3883 865 3945 in
880 3883 952 3945 suis
970 3880 1146 3944 ordinibus

242 4029 415 4082 ¹Unieerrniie
437 4034 578 4098 oenum]
606 4034 659 4082 The
719 4031 946 4083 'Anterdideneem
973 4031 1146 4094 episcopum]

197 4102 281 4151 fourth
292 4103 400 4152 Lnternn
410 4105 523 4165 counei13
540 4119 583 4153 see
592 4104 660 4152 Hur-
687 4104 772 4164 Peter,
792 4104 882 4164 bishop
902 4103 931 4151 os
945 4101 1102 4161 Anturndue,
1120 4115 1150 4150 or

197 4172 269 4234 duin,
281 4172 386 4224 viicoi.
400 4177 439 4226 le.
685 4172 800 4291 'tilfgcrtlpsm
821 4174 848 4222 in
869 4173 912 4221 the
930 4172 1031 4221 diocese
1050 4169 1080 4219 oi
1095 4171 1148 4219 An·
